timestamp,ask,ask_size,bid,bid_size
1768465013055,96474.0,0.2,96424.0,0.2
1768465013482,96473.0,0.2,96423.0,0.2
1768465013605,96472.75,0.2,96422.75,0.2
1768465014231,96472.1,0.2,96422.1,0.2
1768465014374,96472.6,0.2,96422.6,0.2
1768465020457,96472.85,0.2,96422.85,0.2
1768465020821,96472.75,0.2,96422.75,0.2
1768465020925,96472.6,0.2,96422.6,0.2
1768465021356,96471.75,0.2,96421.75,0.2
1768465021398,96471.1,0.2,96421.1,0.2
1768465021521,96470.1,0.2,96420.1,0.2
1768465021561,96468.5,0.2,96418.5,0.2
1768465021714,96468.85,0.2,96418.85,0.2
1768465021778,96470.7,0.2,96420.7,0.2
1768465021884,96471.2,0.2,96421.2,0.2
1768465022017,96470.85,0.2,96420.85,0.2
1768465022036,96469.45,0.2,96419.45,0.2
1768465022058,96468.6,0.2,96418.6,0.2
1768465022113,96469.5,0.2,96419.5,0.2
1768465022214,96468.15,0.2,96418.15,0.2
1768465022229,96467.15,0.2,96417.15,0.2
1768465022354,96467.55,0.2,96417.55,0.2
1768465022464,96467.05,0.2,96417.05,0.2
1768465022495,96465.55,0.2,96415.55,0.2
1768465022853,96467.05,0.2,96417.05,0.2
1768465022968,96467.15,0.2,96417.15,0.2
1768465023084,96467.65,0.2,96417.65,0.2
1768465023102,96468.65,0.2,96418.65,0.2
1768465023306,96468.4,0.2,96418.4,0.2
1768465023428,96468.3,0.2,96418.3,0.2
1768465023740,96467.15,0.2,96417.15,0.2
1768465023844,96467.05,0.2,96417.05,0.2
1768465023965,96467.15,0.2,96417.15,0.2
1768465024084,96466.9,0.2,96416.9,0.2
1768465024655,96466.8,0.2,96416.8,0.2
1768465025244,96466.65,0.2,96416.65,0.2
1768465025630,96466.8,0.2,96416.8,0.2
1768465026085,96466.65,0.2,96416.65,0.2
1768465027013,96465.8,0.2,96415.8,0.2
1768465027526,96464.3,0.2,96414.3,0.2
1768465027532,96465.05,0.2,96415.05,0.2
1768465027578,96466.3,0.2,96416.3,0.2
1768465027626,96465.05,0.2,96415.05,0.2
1768465027677,96466.3,0.2,96416.3,0.2
1768465027681,96464.1,0.2,96414.1,0.2
1768465027687,96463.0,0.2,96413.0,0.2
1768465027755,96458.85,0.2,96408.85,0.2
1768465027962,96458.5,0.2,96408.5,0.2
1768465027993,96457.25,0.2,96407.25,0.2
1768465028024,96456.15,0.2,96406.15,0.2
1768465028167,96455.75,0.2,96405.75,0.2
1768465028231,96453.75,0.2,96403.75,0.2
1768465028342,96453.25,0.2,96403.25,0.2
1768465028464,96453.15,0.2,96403.15,0.2
1768465028754,96451.8,0.2,96401.8,0.2
1768465028893,96452.8,0.2,96402.8,0.2
1768465029462,96452.9,0.2,96402.9,0.2
1768465029584,96452.8,0.2,96402.8,0.2
1768465029797,96452.65,0.2,96402.65,0.2
1768465029934,96452.4,0.2,96402.4,0.2
1768465030163,96452.55,0.2,96402.55,0.2
1768465030524,96452.15,0.2,96402.15,0.2
1768465031779,96451.9,0.2,96401.9,0.2
1768465032135,96451.55,0.2,96401.55,0.2
1768465032275,96451.3,0.2,96401.3,0.2
1768465032386,96451.05,0.2,96401.05,0.2
1768465032813,96451.65,0.2,96401.65,0.2
1768465033304,96451.05,0.2,96401.05,0.2
1768465034592,96451.65,0.2,96401.65,0.2
1768465034843,96451.4,0.2,96401.4,0.2
1768465035685,96451.3,0.2,96401.3,0.2
1768465035915,96451.65,0.2,96401.65,0.2
1768465036155,96451.4,0.2,96401.4,0.2
1768465037151,96452.15,0.2,96402.15,0.2
1768465037232,96453.2,0.2,96403.2,0.2
1768465037284,96454.15,0.2,96404.15,0.2
1768465037344,96453.4,0.2,96403.4,0.2
1768465037380,96454.15,0.2,96404.15,0.2
1768465037468,96456.9,0.2,96406.9,0.2
1768465037575,96457.15,0.2,96407.15,0.2
1768465037634,96458.25,0.2,96408.25,0.2
1768465037754,96458.5,0.2,96408.5,0.2
1768465037818,96457.0,0.2,96407.0,0.2
1768465038032,96457.95,0.2,96407.95,0.2
1768465038147,96457.6,0.2,96407.6,0.2
1768465038377,96457.45,0.2,96407.45,0.2
1768465038863,96456.95,0.2,96406.95,0.2
1768465039812,96458.85,0.2,96408.85,0.2
1768465039919,96459.1,0.2,96409.1,0.2
1768465040025,96459.7,0.2,96409.7,0.2
1768465040126,96459.6,0.2,96409.6,0.2
1768465040179,96458.35,0.2,96408.35,0.2
1768465040288,96458.45,0.2,96408.45,0.2
1768465040534,96458.2,0.2,96408.2,0.2
1768465040842,96457.25,0.2,96407.25,0.2
1768465040935,96456.4,0.2,96406.4,0.2
1768465041094,96455.55,0.2,96405.55,0.2
1768465041220,96455.5,0.2,96405.5,0.2
1768465041324,96455.85,0.2,96405.85,0.2
1768465041674,96455.8,0.2,96405.8,0.2
1768465042145,96455.9,0.2,96405.9,0.2
1768465042722,96456.15,0.2,96406.15,0.2
1768465042845,96456.2,0.2,96406.2,0.2
1768465044584,96456.1,0.2,96406.1,0.2
1768465044703,96456.2,0.2,96406.2,0.2
1768465045147,96457.1,0.2,96407.1,0.2
1768465045617,96456.45,0.2,96406.45,0.2
1768465046629,96456.2,0.2,96406.2,0.2
1768465047214,96457.1,0.2,96407.1,0.2
1768465048023,96456.7,0.2,96406.7,0.2
1768465048484,96456.45,0.2,96406.45,0.2
1768465050152,96457.1,0.2,96407.1,0.2
1768465050625,96456.45,0.2,96406.45,0.2
1768465051965,96457.1,0.2,96407.1,0.2
1768465052298,96458.0,0.2,96408.0,0.2
1768465052414,96457.65,0.2,96407.65,0.2
1768465052517,96458.0,0.2,96408.0,0.2
1768465052534,96458.85,0.2,96408.85,0.2
1768465052654,96459.4,0.2,96409.4,0.2
1768465052867,96459.9,0.2,96409.9,0.2
1768465052904,96460.55,0.2,96410.55,0.2
1768465053054,96460.4,0.2,96410.4,0.2
1768465053167,96460.05,0.2,96410.05,0.2
1768465053915,96461.3,0.2,96411.3,0.2
1768465054238,96460.55,0.2,96410.55,0.2
1768465054625,96460.05,0.2,96410.05,0.2
1768465054764,96460.65,0.2,96410.65,0.2
1768465054994,96460.55,0.2,96410.55,0.2
1768465055096,96461.3,0.2,96411.3,0.2
1768465055334,96461.55,0.2,96411.55,0.2
1768465055464,96461.4,0.2,96411.4,0.2
1768465055678,96460.8,0.2,96410.8,0.2
1768465055717,96462.05,0.2,96412.05,0.2
1768465056102,96461.15,0.2,96411.15,0.2
1768465056130,96462.05,0.2,96412.05,0.2
1768465056234,96462.4,0.2,96412.4,0.2
1768465056482,96461.3,0.2,96411.3,0.2
1768465056693,96460.9,0.2,96410.9,0.2
1768465056925,96460.8,0.2,96410.8,0.2
1768465057060,96460.05,0.2,96410.05,0.2
1768465057202,96459.9,0.2,96409.9,0.2
1768465057255,96460.8,0.2,96410.8,0.2
1768465057504,96461.05,0.2,96411.05,0.2
1768465059028,96460.8,0.2,96410.8,0.2
1768465059374,96461.05,0.2,96411.05,0.2
1768465069955,96460.8,0.2,96410.8,0.2
1768465070713,96460.55,0.2,96410.55,0.2
1768465071055,96460.4,0.2,96410.4,0.2
1768465071500,96460.65,0.2,96410.65,0.2
1768465072395,96460.9,0.2,96410.9,0.2
1768465072741,96460.8,0.2,96410.8,0.2
1768465072872,96460.9,0.2,96410.9,0.2
1768465073094,96460.8,0.2,96410.8,0.2
1768465073218,96460.9,0.2,96410.9,0.2
1768465073535,96460.8,0.2,96410.8,0.2
1768465076437,96460.9,0.2,96410.9,0.2
1768465077428,96460.8,0.2,96410.8,0.2
1768465077534,96460.9,0.2,96410.9,0.2
1768465077635,96461.3,0.2,96411.3,0.2
1768465079222,96461.15,0.2,96411.15,0.2
1768465079346,96461.05,0.2,96411.05,0.2
1768465079563,96460.9,0.2,96410.9,0.2
1768465079818,96461.15,0.2,96411.15,0.2
1768465079924,96461.05,0.2,96411.05,0.2
1768465080075,96461.15,0.2,96411.15,0.2
1768465081114,96460.9,0.2,96410.9,0.2
1768465081464,96460.8,0.2,96410.8,0.2
1768465081815,96460.9,0.2,96410.9,0.2
1768465082051,96461.05,0.2,96411.05,0.2
1768465082174,96461.4,0.2,96411.4,0.2
1768465082500,96461.05,0.2,96411.05,0.2
1768465082944,96460.9,0.2,96410.9,0.2
1768465083054,96460.55,0.2,96410.55,0.2
1768465083744,96460.4,0.2,96410.4,0.2
1768465084075,96457.95,0.2,96407.95,0.2
1768465084134,96456.85,0.2,96406.85,0.2
1768465084135,96456.2,0.2,96406.2,0.2
1768465084248,96456.05,0.2,96406.05,0.2
1768465084503,96455.2,0.2,96405.2,0.2
1768465084604,96455.45,0.2,96405.45,0.2
1768465085044,96454.95,0.2,96404.95,0.2
1768465085585,96454.7,0.2,96404.7,0.2
1768465086174,96454.95,0.2,96404.95,0.2
1768465086498,96455.8,0.2,96405.8,0.2
1768465086552,96457.05,0.2,96407.05,0.2
1768465087027,96456.55,0.2,96406.55,0.2
1768465087031,96455.8,0.2,96405.8,0.2
1768465087154,96455.7,0.2,96405.7,0.2
1768465088774,96456.05,0.2,96406.05,0.2
1768465089684,96456.55,0.2,96406.55,0.2
1768465090414,96456.05,0.2,96406.05,0.2
1768465090579,96455.3,0.2,96405.3,0.2
1768465090814,96455.8,0.2,96405.8,0.2
1768465090823,96455.05,0.2,96405.05,0.2
1768465091333,96456.05,0.2,96406.05,0.2
1768465091890,96455.8,0.2,96405.8,0.2
1768465091997,96456.55,0.2,96406.55,0.2
1768465092134,96456.45,0.2,96406.45,0.2
1768465092244,96456.7,0.2,96406.7,0.2
1768465092364,96456.3,0.2,96406.3,0.2
1768465092982,96457.05,0.2,96407.05,0.2
1768465093104,96459.65,0.2,96409.65,0.2
1768465093214,96459.3,0.2,96409.3,0.2
1768465093446,96460.15,0.2,96410.15,0.2
1768465093728,96461.55,0.2,96411.55,0.2
1768465093948,96461.65,0.2,96411.65,0.2
1768465094008,96460.65,0.2,96410.65,0.2
1768465094047,96461.4,0.2,96411.4,0.2
1768465094506,96462.3,0.2,96412.3,0.2
1768465094899,96461.4,0.2,96411.4,0.2
1768465096881,96461.8,0.2,96411.8,0.2
1768465096934,96463.75,0.2,96413.75,0.2
1768465097057,96464.25,0.2,96414.25,0.2
1768465097385,96463.65,0.2,96413.65,0.2
1768465097755,96464.15,0.2,96414.15,0.2
1768465098172,96465.25,0.2,96415.25,0.2
1768465098206,96465.9,0.2,96415.9,0.2
1768465098328,96465.65,0.2,96415.65,0.2
1768465098430,96466.15,0.2,96416.15,0.2
1768465098581,96464.65,0.2,96414.65,0.2
1768465099142,96464.25,0.2,96414.25,0.2
1768465099478,96464.5,0.2,96414.5,0.2
1768465099512,96466.15,0.2,96416.15,0.2
1768465099622,96466.65,0.2,96416.65,0.2
1768465099802,96467.5,0.2,96417.5,0.2
1768465099942,96466.0,0.2,96416.0,0.2
1768465100066,96465.75,0.2,96415.75,0.2
1768465100391,96466.65,0.2,96416.65,0.2
1768465100642,96465.9,0.2,96415.9,0.2
1768465100745,96466.0,0.2,96416.0,0.2
1768465100854,96465.9,0.2,96415.9,0.2
1768465100964,96466.0,0.2,96416.0,0.2
1768465101546,96465.9,0.2,96415.9,0.2
1768465101654,96466.0,0.2,96416.0,0.2
1768465102026,96464.9,0.2,96414.9,0.2
1768465102077,96465.75,0.2,96415.75,0.2
1768465102344,96465.25,0.2,96415.25,0.2
1768465103623,96465.0,0.2,96415.0,0.2
1768465103754,96464.75,0.2,96414.75,0.2
1768465103875,96464.9,0.2,96414.9,0.2
1768465107761,96465.4,0.2,96415.4,0.2
1768465108364,96465.25,0.2,96415.25,0.2
1768465108852,96465.9,0.2,96415.9,0.2
1768465109298,96465.25,0.2,96415.25,0.2
1768465109474,96465.4,0.2,96415.4,0.2
1768465109592,96465.25,0.2,96415.25,0.2
1768465109944,96465.4,0.2,96415.4,0.2
1768465110184,96465.25,0.2,96415.25,0.2
1768465110216,96465.9,0.2,96415.9,0.2
1768465110364,96466.75,0.2,96416.75,0.2
1768465110602,96465.9,0.2,96415.9,0.2
1768465110827,96466.15,0.2,96416.15,0.2
1768465110984,96465.75,0.2,96415.75,0.2
1768465111096,96465.65,0.2,96415.65,0.2
1768465111501,96464.75,0.2,96414.75,0.2
1768465111506,96464.0,0.2,96414.0,0.2
1768465111555,96463.4,0.2,96413.4,0.2
1768465111629,96462.5,0.2,96412.5,0.2
1768465111720,96463.5,0.2,96413.5,0.2
1768465111731,96461.15,0.2,96411.15,0.2
1768465111835,96461.05,0.2,96411.05,0.2
1768465112100,96460.1,0.2,96410.1,0.2
1768465112125,96458.7,0.2,96408.7,0.2
1768465112374,96458.15,0.2,96408.15,0.2
1768465112403,96457.4,0.2,96407.4,0.2
1768465112527,96457.55,0.2,96407.55,0.2
1768465112774,96457.4,0.2,96407.4,0.2
1768465112775,96459.65,0.2,96409.65,0.2
1768465112894,96459.55,0.2,96409.55,0.2
1768465113014,96459.65,0.2,96409.65,0.2
1768465113027,96458.05,0.2,96408.05,0.2
1768465113594,96457.9,0.2,96407.9,0.2
1768465116067,96457.05,0.2,96407.05,0.2
1768465116184,96456.9,0.2,96406.9,0.2
1768465116307,96456.4,0.2,96406.4,0.2
1768465116414,96456.3,0.2,96406.3,0.2
1768465116534,96456.2,0.2,96406.2,0.2
1768465116884,96456.35,0.2,96406.35,0.2
1768465117307,96457.35,0.2,96407.35,0.2
1768465119754,96457.05,0.2,96407.05,0.2
1768465123845,96456.45,0.2,96406.45,0.2
1768465125123,96456.3,0.2,96406.3,0.2
1768465125858,96456.95,0.2,96406.95,0.2
1768465125987,96457.05,0.2,96407.05,0.2
1768465126334,96457.2,0.2,96407.2,0.2
1768465126567,96457.95,0.2,96407.95,0.2
1768465126696,96458.05,0.2,96408.05,0.2
1768465126914,96457.55,0.2,96407.55,0.2
1768465127418,96456.8,0.2,96406.8,0.2
1768465127520,96456.7,0.2,96406.7,0.2
1768465127802,96456.2,0.2,96406.2,0.2
1768465132994,96456.7,0.2,96406.7,0.2
1768465133114,96456.95,0.2,96406.95,0.2
1768465133334,96456.7,0.2,96406.7,0.2
1768465133454,96456.55,0.2,96406.55,0.2
1768465134064,96456.3,0.2,96406.3,0.2
1768465134194,96456.45,0.2,96406.45,0.2
1768465134307,96456.2,0.2,96406.2,0.2
1768465134607,96456.8,0.2,96406.8,0.2
1768465134764,96457.2,0.2,96407.2,0.2
1768465134884,96456.95,0.2,96406.95,0.2
1768465135326,96456.3,0.2,96406.3,0.2
1768465135431,96455.6,0.2,96405.6,0.2
1768465135547,96455.95,0.2,96405.95,0.2
1768465135603,96454.75,0.2,96404.75,0.2
1768465135640,96454.0,0.2,96404.0,0.2
1768465135754,96453.45,0.2,96403.45,0.2
1768465135814,96454.25,0.2,96404.25,0.2
1768465135936,96454.5,0.2,96404.5,0.2
1768465136049,96454.55,0.2,96404.55,0.2
1768465136157,96454.6,0.2,96404.6,0.2
1768465136264,96455.15,0.2,96405.15,0.2
1768465136332,96457.05,0.2,96407.05,0.2
1768465136444,96456.65,0.2,96406.65,0.2
1768465136678,96456.75,0.2,96406.75,0.2
1768465136795,96456.1,0.2,96406.1,0.2
1768465137016,96456.05,0.2,96406.05,0.2
1768465137254,96455.8,0.2,96405.8,0.2
1768465137477,96455.55,0.2,96405.55,0.2
1768465140302,96455.8,0.2,96405.8,0.2
1768465140332,96456.65,0.2,96406.65,0.2
1768465140691,96456.4,0.2,96406.4,0.2
1768465142098,96456.15,0.2,96406.15,0.2
1768465142380,96456.05,0.2,96406.05,0.2
1768465142745,96456.4,0.2,96406.4,0.2
1768465143224,96456.15,0.2,96406.15,0.2
1768465143508,96456.2,0.2,96406.2,0.2
1768465143626,96456.25,0.2,96406.25,0.2
1768465143745,96456.3,0.2,96406.3,0.2
1768465146434,96455.8,0.2,96405.8,0.2
1768465147856,96455.95,0.2,96405.95,0.2
1768465147963,96455.7,0.2,96405.7,0.2
1768465148815,96455.45,0.2,96405.45,0.2
1768465148919,96455.05,0.2,96405.05,0.2
1768465149164,96454.7,0.2,96404.7,0.2
1768465149394,96453.4,0.2,96403.4,0.2
1768465149518,96453.45,0.2,96403.45,0.2
1768465149634,96453.4,0.2,96403.4,0.2
1768465150494,96453.5,0.2,96403.5,0.2
1768465150596,96453.55,0.2,96403.55,0.2
1768465150734,96454.4,0.2,96404.4,0.2
1768465150844,96454.5,0.2,96404.5,0.2
1768465151505,96454.85,0.2,96404.85,0.2
1768465151624,96454.8,0.2,96404.8,0.2
1768465151965,96455.3,0.2,96405.3,0.2
1768465152648,96454.8,0.2,96404.8,0.2
1768465155804,96454.05,0.2,96404.05,0.2
1768465155891,96453.1,0.2,96403.1,0.2
1768465155916,96452.5,0.2,96402.5,0.2
1768465155978,96451.7,0.2,96401.7,0.2
1768465156018,96450.6,0.2,96400.6,0.2
1768465156415,96450.7,0.2,96400.7,0.2
1768465156634,96450.2,0.2,96400.2,0.2
1768465156754,96450.7,0.2,96400.7,0.2
1768465157114,96451.2,0.2,96401.2,0.2
1768465157235,96450.95,0.2,96400.95,0.2
1768465157355,96451.1,0.2,96401.1,0.2
1768465157833,96451.2,0.2,96401.2,0.2
1768465157985,96450.95,0.2,96400.95,0.2
1768465158097,96451.1,0.2,96401.1,0.2
1768465158773,96450.95,0.2,96400.95,0.2
1768465159014,96451.1,0.2,96401.1,0.2
1768465159764,96450.95,0.2,96400.95,0.2
1768465159874,96451.1,0.2,96401.1,0.2
1768465160211,96451.2,0.2,96401.2,0.2
1768465160668,96451.1,0.2,96401.1,0.2
1768465160914,96450.95,0.2,96400.95,0.2
1768465161018,96451.2,0.2,96401.2,0.2
1768465161142,96450.95,0.2,96400.95,0.2
1768465161751,96451.1,0.2,96401.1,0.2
1768465162785,96450.85,0.2,96400.85,0.2
1768465163244,96451.1,0.2,96401.1,0.2
1768465163754,96450.95,0.2,96400.95,0.2
1768465164222,96451.2,0.2,96401.2,0.2
1768465165632,96451.35,0.2,96401.35,0.2
1768465165733,96451.2,0.2,96401.2,0.2
1768465167115,96450.7,0.2,96400.7,0.2
1768465167247,96450.3,0.2,96400.3,0.2
1768465167634,96449.8,0.2,96399.8,0.2
1768465168207,96448.9,0.2,96398.9,0.2
1768465168427,96448.75,0.2,96398.75,0.2
1768465168732,96449.9,0.2,96399.9,0.2
1768465168859,96450.0,0.2,96400.0,0.2
1768465169442,96449.25,0.2,96399.25,0.2
1768465169566,96448.25,0.2,96398.25,0.2
1768465169616,96449.15,0.2,96399.15,0.2
1768465169835,96448.4,0.2,96398.4,0.2
1768465169886,96449.15,0.2,96399.15,0.2
1768465169957,96448.4,0.2,96398.4,0.2
1768465170025,96449.4,0.2,96399.4,0.2
1768465170164,96449.75,0.2,96399.75,0.2
1768465170274,96449.5,0.2,96399.5,0.2
1768465170403,96449.0,0.2,96399.0,0.2
1768465170482,96448.0,0.2,96398.0,0.2
1768465170538,96449.0,0.2,96399.0,0.2
1768465170595,96448.0,0.2,96398.0,0.2
1768465170646,96449.0,0.2,96399.0,0.2
1768465170775,96449.15,0.2,96399.15,0.2
1768465171022,96448.65,0.2,96398.65,0.2
1768465171374,96448.5,0.2,96398.5,0.2
1768465171714,96448.4,0.2,96398.4,0.2
1768465171824,96447.9,0.2,96397.9,0.2
1768465171846,96448.65,0.2,96398.65,0.2
1768465172064,96448.25,0.2,96398.25,0.2
1768465172285,96448.0,0.2,96398.0,0.2
1768465172404,96448.15,0.2,96398.15,0.2
1768465172525,96448.75,0.2,96398.75,0.2
1768465173115,96448.15,0.2,96398.15,0.2
1768465173137,96447.25,0.2,96397.25,0.2
1768465173240,96446.15,0.2,96396.15,0.2
1768465173256,96444.55,0.2,96394.55,0.2
1768465173369,96445.45,0.2,96395.45,0.2
1768465173376,96444.8,0.2,96394.8,0.2
1768465173498,96445.3,0.2,96395.3,0.2
1768465173742,96444.95,0.2,96394.95,0.2
1768465173974,96445.3,0.2,96395.3,0.2
1768465174334,96445.05,0.2,96395.05,0.2
1768465175720,96444.7,0.2,96394.7,0.2
1768465177326,96444.05,0.2,96394.05,0.2
1768465178055,96444.45,0.2,96394.45,0.2
1768465179337,96444.3,0.2,96394.3,0.2
1768465179764,96444.2,0.2,96394.2,0.2
1768465181404,96443.95,0.2,96393.95,0.2
1768465182464,96444.2,0.2,96394.2,0.2
1768465182593,96445.3,0.2,96395.3,0.2
1768465182844,96444.55,0.2,96394.55,0.2
1768465182949,96445.8,0.2,96395.8,0.2
1768465183024,96447.0,0.2,96397.0,0.2
1768465183127,96446.75,0.2,96396.75,0.2
1768465183355,96446.0,0.2,96396.0,0.2
1768465183415,96447.0,0.2,96397.0,0.2
1768465183516,96447.15,0.2,96397.15,0.2
1768465183627,96447.0,0.2,96397.0,0.2
1768465183730,96447.25,0.2,96397.25,0.2
1768465183842,96447.15,0.2,96397.15,0.2
1768465184065,96449.15,0.2,96399.15,0.2
1768465184185,96449.6,0.2,96399.6,0.2
1768465184208,96451.1,0.2,96401.1,0.2
1768465184298,96452.0,0.2,96402.0,0.2
1768465184399,96451.35,0.2,96401.35,0.2
1768465184434,96452.6,0.2,96402.6,0.2
1768465184504,96453.6,0.2,96403.6,0.2
1768465184555,96450.85,0.2,96400.85,0.2
1768465184656,96450.75,0.2,96400.75,0.2
1768465184724,96451.6,0.2,96401.6,0.2
1768465184825,96451.5,0.2,96401.5,0.2
1768465185574,96451.6,0.2,96401.6,0.2
1768465185796,96451.5,0.2,96401.5,0.2
1768465188106,96451.35,0.2,96401.35,0.2
1768465188370,96451.5,0.2,96401.5,0.2
1768465188831,96451.35,0.2,96401.35,0.2
1768465189485,96451.5,0.2,96401.5,0.2
1768465189599,96451.35,0.2,96401.35,0.2
1768465189815,96451.1,0.2,96401.1,0.2
1768465190036,96451.25,0.2,96401.25,0.2
1768465190775,96451.35,0.2,96401.35,0.2
1768465190884,96451.5,0.2,96401.5,0.2
1768465190994,96451.35,0.2,96401.35,0.2
1768465192129,96450.75,0.2,96400.75,0.2
1768465192233,96450.85,0.2,96400.85,0.2
1768465192443,96449.75,0.2,96399.75,0.2
1768465192551,96449.85,0.2,96399.85,0.2
1768465192557,96449.1,0.2,96399.1,0.2
1768465192707,96449.75,0.2,96399.75,0.2
1768465192859,96449.0,0.2,96399.0,0.2
1768465193376,96446.75,0.2,96396.75,0.2
1768465193492,96446.5,0.2,96396.5,0.2
1768465193627,96446.9,0.2,96396.9,0.2
1768465193727,96446.25,0.2,96396.25,0.2
1768465194153,96447.75,0.2,96397.75,0.2
1768465194414,96447.25,0.2,96397.25,0.2
1768465194535,96447.15,0.2,96397.15,0.2
1768465194644,96447.25,0.2,96397.25,0.2
1768465194749,96447.15,0.2,96397.15,0.2
1768465194851,96447.5,0.2,96397.5,0.2
1768465194959,96447.75,0.2,96397.75,0.2
1768465195066,96447.65,0.2,96397.65,0.2
1768465195303,96447.75,0.2,96397.75,0.2
1768465195999,96447.65,0.2,96397.65,0.2
1768465196081,96448.75,0.2,96398.75,0.2
1768465196083,96453.15,0.2,96403.15,0.2
1768465196185,96459.0,0.2,96409.0,0.2
1768465196328,96464.0,0.2,96414.0,0.2
1768465196398,96467.95,0.2,96417.95,0.2
1768465196462,96470.3,0.2,96420.3,0.2
1768465196467,96471.45,0.2,96421.45,0.2
1768465196605,96469.95,0.2,96419.95,0.2
1768465196635,96470.85,0.2,96420.85,0.2
1768465196662,96474.05,0.2,96424.05,0.2
1768465196665,96475.35,0.2,96425.35,0.2
1768465196679,96474.45,0.2,96424.45,0.2
1768465196784,96474.5,0.2,96424.5,0.2
1768465196895,96475.2,0.2,96425.2,0.2
1768465197014,96474.5,0.2,96424.5,0.2
1768465197996,96473.85,0.2,96423.85,0.2
1768465198103,96473.75,0.2,96423.75,0.2
1768465198218,96474.35,0.2,96424.35,0.2
1768465198611,96474.5,0.2,96424.5,0.2
1768465199113,96473.6,0.2,96423.6,0.2
1768465199244,96472.65,0.2,96422.65,0.2
1768465199419,96472.15,0.2,96422.15,0.2
1768465199467,96471.3,0.2,96421.3,0.2
1768465199584,96471.05,0.2,96421.05,0.2
1768465199682,96471.95,0.2,96421.95,0.2
1768465199814,96472.4,0.2,96422.4,0.2
1768465200165,96472.15,0.2,96422.15,0.2
1768465200243,96471.05,0.2,96421.05,0.2
1768465200374,96470.8,0.2,96420.8,0.2
1768465200625,96470.95,0.2,96420.95,0.2
1768465200854,96471.55,0.2,96421.55,0.2
1768465201550,96470.05,0.2,96420.05,0.2
1768465201652,96469.55,0.2,96419.55,0.2
1768465201745,96468.25,0.2,96418.25,0.2
1768465201983,96466.75,0.2,96416.75,0.2
1768465202555,96466.4,0.2,96416.4,0.2
1768465202674,96466.5,0.2,96416.5,0.2
1768465202784,96466.65,0.2,96416.65,0.2
1768465203115,96466.25,0.2,96416.25,0.2
1768465203223,96466.5,0.2,96416.5,0.2
1768465203485,96466.0,0.2,96416.0,0.2
1768465203544,96464.65,0.2,96414.65,0.2
1768465203664,96464.5,0.2,96414.5,0.2
1768465203803,96463.5,0.2,96413.5,0.2
1768465203921,96463.0,0.2,96413.0,0.2
1768465204052,96462.9,0.2,96412.9,0.2
1768465204174,96463.25,0.2,96413.25,0.2
1768465204278,96463.0,0.2,96413.0,0.2
1768465204354,96461.9,0.2,96411.9,0.2
1768465204480,96462.25,0.2,96412.25,0.2
1768465204572,96463.9,0.2,96413.9,0.2
1768465204696,96463.75,0.2,96413.75,0.2
1768465204705,96466.15,0.2,96416.15,0.2
1768465204726,96467.4,0.2,96417.4,0.2
1768465204778,96466.65,0.2,96416.65,0.2
1768465205429,96467.5,0.2,96417.5,0.2
1768465205518,96466.5,0.2,96416.5,0.2
1768465205606,96467.65,0.2,96417.65,0.2
1768465205634,96468.85,0.2,96418.85,0.2
1768465205669,96469.6,0.2,96419.6,0.2
1768465206055,96469.45,0.2,96419.45,0.2
1768465206267,96469.7,0.2,96419.7,0.2
1768465206285,96470.85,0.2,96420.85,0.2
1768465206368,96469.6,0.2,96419.6,0.2
1768465206937,96468.6,0.2,96418.6,0.2
1768465207039,96468.85,0.2,96418.85,0.2
1768465207720,96470.1,0.2,96420.1,0.2
1768465207807,96468.95,0.2,96418.95,0.2
1768465208076,96469.1,0.2,96419.1,0.2
1768465208199,96468.6,0.2,96418.6,0.2
1768465208554,96468.7,0.2,96418.7,0.2
1768465209725,96468.85,0.2,96418.85,0.2
1768465209836,96468.7,0.2,96418.7,0.2
1768465211677,96469.85,0.2,96419.85,0.2
1768465211804,96470.6,0.2,96420.6,0.2
1768465211966,96470.1,0.2,96420.1,0.2
1768465212207,96470.85,0.2,96420.85,0.2
1768465212326,96470.8,0.2,96420.8,0.2
1768465212428,96471.05,0.2,96421.05,0.2
1768465212498,96471.7,0.2,96421.7,0.2
1768465212584,96472.7,0.2,96422.7,0.2
1768465212714,96472.45,0.2,96422.45,0.2
1768465212835,96473.2,0.2,96423.2,0.2
1768465212949,96473.5,0.2,96423.5,0.2
1768465213164,96473.8,0.2,96423.8,0.2
1768465213189,96473.2,0.2,96423.2,0.2
1768465213750,96473.7,0.2,96423.7,0.2
1768465213994,96473.3,0.2,96423.3,0.2
1768465214231,96475.05,0.2,96425.05,0.2
1768465214333,96477.6,0.2,96427.6,0.2
1768465215424,96477.35,0.2,96427.35,0.2
1768465215647,96477.6,0.2,96427.6,0.2
1768465215897,96477.5,0.2,96427.5,0.2
1768465216374,96477.6,0.2,96427.6,0.2
1768465216627,96477.35,0.2,96427.35,0.2
1768465217296,96477.75,0.2,96427.75,0.2
1768465218014,96477.5,0.2,96427.5,0.2
1768465218506,96478.8,0.2,96428.8,0.2
1768465218618,96478.75,0.2,96428.75,0.2
1768465221906,96478.9,0.2,96428.9,0.2
1768465222745,96478.75,0.2,96428.75,0.2
1768465223178,96478.9,0.2,96428.9,0.2
1768465223734,96478.75,0.2,96428.75,0.2
1768465223974,96478.9,0.2,96428.9,0.2
1768465224407,96478.75,0.2,96428.75,0.2
1768465224758,96478.9,0.2,96428.9,0.2
1768465225746,96478.75,0.2,96428.75,0.2
1768465226784,96478.9,0.2,96428.9,0.2
1768465226894,96478.75,0.2,96428.75,0.2
1768465227854,96478.9,0.2,96428.9,0.2
1768465228914,96478.75,0.2,96428.75,0.2
1768465230164,96478.9,0.2,96428.9,0.2
1768465230247,96480.15,0.2,96430.15,0.2
1768465230349,96480.75,0.2,96430.75,0.2
1768465230405,96482.0,0.2,96432.0,0.2
1768465230437,96483.1,0.2,96433.1,0.2
1768465230458,96485.15,0.2,96435.15,0.2
1768465230480,96486.3,0.2,96436.3,0.2
1768465230584,96486.4,0.2,96436.4,0.2
1768465230704,96486.9,0.2,96436.9,0.2
1768465231171,96487.4,0.2,96437.4,0.2
1768465231234,96488.75,0.2,96438.75,0.2
1768465231467,96488.25,0.2,96438.25,0.2
1768465232166,96488.75,0.2,96438.75,0.2
1768465232348,96490.0,0.2,96440.0,0.2
1768465232454,96490.25,0.2,96440.25,0.2
1768465232458,96492.75,0.2,96442.75,0.2
1768465232564,96492.25,0.2,96442.25,0.2
1768465232680,96490.25,0.2,96440.25,0.2
1768465232746,96492.1,0.2,96442.1,0.2
1768465232907,96493.5,0.2,96443.5,0.2
1768465232958,96492.75,0.2,96442.75,0.2
1768465233536,96493.0,0.2,96443.0,0.2
1768465233617,96494.35,0.2,96444.35,0.2
1768465233647,96493.35,0.2,96443.35,0.2
1768465233677,96494.25,0.2,96444.25,0.2
1768465233780,96494.5,0.2,96444.5,0.2
1768465233800,96493.5,0.2,96443.5,0.2
1768465233850,96494.35,0.2,96444.35,0.2
1768465234050,96495.1,0.2,96445.1,0.2
1768465234176,96495.25,0.2,96445.25,0.2
1768465234822,96496.0,0.2,96446.0,0.2
1768465234932,96496.5,0.2,96446.5,0.2
1768465234997,96497.85,0.2,96447.85,0.2
1768465235100,96497.6,0.2,96447.6,0.2
1768465235234,96497.7,0.2,96447.7,0.2
1768465235466,96497.6,0.2,96447.6,0.2
1768465235584,96497.35,0.2,96447.35,0.2
1768465235694,96497.45,0.2,96447.45,0.2
1768465235935,96497.6,0.2,96447.6,0.2
1768465236143,96497.35,0.2,96447.35,0.2
1768465236148,96498.35,0.2,96448.35,0.2
1768465236217,96500.05,0.2,96450.05,0.2
1768465236319,96502.95,0.2,96452.95,0.2
1768465236367,96504.45,0.2,96454.45,0.2
1768465236406,96505.45,0.2,96455.45,0.2
1768465236507,96506.95,0.2,96456.95,0.2
1768465236580,96505.95,0.2,96455.95,0.2
1768465236784,96505.85,0.2,96455.85,0.2
1768465236973,96504.85,0.2,96454.85,0.2
1768465237186,96504.6,0.2,96454.6,0.2
1768465237304,96504.85,0.2,96454.85,0.2
1768465238014,96504.7,0.2,96454.7,0.2
1768465238087,96506.0,0.2,96456.0,0.2
1768465238634,96506.15,0.2,96456.15,0.2
1768465238896,96506.0,0.2,96456.0,0.2
1768465239009,96507.9,0.2,96457.9,0.2
1768465239083,96510.4,0.2,96460.4,0.2
1768465239085,96511.8,0.2,96461.8,0.2
1768465239089,96510.65,0.2,96460.65,0.2
1768465239117,96511.65,0.2,96461.65,0.2
1768465239150,96513.65,0.2,96463.65,0.2
1768465239193,96515.05,0.2,96465.05,0.2
1768465239283,96513.7,0.2,96463.7,0.2
1768465239393,96513.35,0.2,96463.35,0.2
1768465239550,96512.45,0.2,96462.45,0.2
1768465239607,96513.2,0.2,96463.2,0.2
1768465240334,96513.1,0.2,96463.1,0.2
1768465240564,96512.6,0.2,96462.6,0.2
1768465240625,96510.25,0.2,96460.25,0.2
1768465240704,96509.15,0.2,96459.15,0.2
1768465240805,96507.45,0.2,96457.45,0.2
1768465240830,96505.45,0.2,96455.45,0.2
1768465240932,96505.8,0.2,96455.8,0.2
1768465240946,96506.9,0.2,96456.9,0.2
1768465241094,96507.15,0.2,96457.15,0.2
1768465241199,96506.8,0.2,96456.8,0.2
1768465241331,96507.45,0.2,96457.45,0.2
1768465241565,96507.65,0.2,96457.65,0.2
1768465241674,96507.55,0.2,96457.55,0.2
1768465241786,96507.8,0.2,96457.8,0.2
1768465241896,96507.55,0.2,96457.55,0.2
1768465242002,96507.3,0.2,96457.3,0.2
1768465242044,96505.95,0.2,96455.95,0.2
1768465242161,96506.05,0.2,96456.05,0.2
1768465242292,96505.3,0.2,96455.3,0.2
1768465242425,96505.45,0.2,96455.45,0.2
1768465242544,96505.95,0.2,96455.95,0.2
1768465242647,96506.05,0.2,96456.05,0.2
1768465243018,96506.7,0.2,96456.7,0.2
1768465244979,96507.45,0.2,96457.45,0.2
1768465244984,96508.95,0.2,96458.95,0.2
1768465245071,96510.8,0.2,96460.8,0.2
1768465245227,96509.65,0.2,96459.65,0.2
1768465245564,96509.55,0.2,96459.55,0.2
1768465245974,96509.65,0.2,96459.65,0.2
1768465246275,96508.3,0.2,96458.3,0.2
1768465246392,96506.9,0.2,96456.9,0.2
1768465246473,96505.9,0.2,96455.9,0.2
1768465246480,96506.45,0.2,96456.45,0.2
1768465246604,96506.05,0.2,96456.05,0.2
1768465246843,96506.75,0.2,96456.75,0.2
1768465247655,96506.9,0.2,96456.9,0.2
1768465248115,96506.75,0.2,96456.75,0.2
1768465248681,96507.15,0.2,96457.15,0.2
1768465249134,96506.9,0.2,96456.9,0.2
1768465250925,96507.15,0.2,96457.15,0.2
1768465252110,96507.25,0.2,96457.25,0.2
1768465252344,96507.15,0.2,96457.15,0.2
1768465252444,96507.0,0.2,96457.0,0.2
1768465252867,96505.75,0.2,96455.75,0.2
1768465252969,96506.15,0.2,96456.15,0.2
1768465253348,96505.65,0.2,96455.65,0.2
1768465253487,96506.15,0.2,96456.15,0.2
1768465253714,96505.75,0.2,96455.75,0.2
1768465253833,96506.0,0.2,96456.0,0.2
1768465253985,96506.75,0.2,96456.75,0.2
1768465254092,96507.5,0.2,96457.5,0.2
1768465254267,96506.4,0.2,96456.4,0.2
1768465254516,96506.0,0.2,96456.0,0.2
1768465255114,96506.5,0.2,96456.5,0.2
1768465258534,96506.9,0.2,96456.9,0.2
1768465258638,96507.0,0.2,96457.0,0.2
1768465258961,96506.9,0.2,96456.9,0.2
1768465259077,96507.0,0.2,96457.0,0.2
1768465260371,96507.15,0.2,96457.15,0.2
1768465260855,96507.0,0.2,96457.0,0.2
1768465261084,96507.15,0.2,96457.15,0.2
1768465261537,96507.0,0.2,96457.0,0.2
1768465262314,96506.9,0.2,96456.9,0.2
1768465262424,96507.5,0.2,96457.5,0.2
1768465262535,96507.75,0.2,96457.75,0.2
1768465262749,96508.0,0.2,96458.0,0.2
1768465262755,96508.65,0.2,96458.65,0.2
1768465263103,96508.8,0.2,96458.8,0.2
1768465263344,96508.65,0.2,96458.65,0.2
1768465263464,96508.8,0.2,96458.8,0.2
1768465264374,96508.9,0.2,96458.9,0.2
1768465264494,96509.55,0.2,96459.55,0.2
1768465264616,96509.05,0.2,96459.05,0.2
1768465264734,96509.4,0.2,96459.4,0.2
1768465264964,96509.15,0.2,96459.15,0.2
1768465265655,96510.3,0.2,96460.3,0.2
1768465269043,96510.4,0.2,96460.4,0.2
1768465269952,96511.3,0.2,96461.3,0.2
1768465270109,96510.55,0.2,96460.55,0.2
1768465270161,96511.3,0.2,96461.3,0.2
1768465270279,96509.9,0.2,96459.9,0.2
1768465270785,96510.05,0.2,96460.05,0.2
1768465270978,96510.9,0.2,96460.9,0.2
1768465271078,96510.3,0.2,96460.3,0.2
1768465271186,96511.05,0.2,96461.05,0.2
1768465271272,96512.4,0.2,96462.4,0.2
1768465271342,96513.55,0.2,96463.55,0.2
1768465271345,96515.1,0.2,96465.1,0.2
1768465271390,96516.25,0.2,96466.25,0.2
1768465271399,96517.0,0.2,96467.0,0.2
1768465271465,96518.35,0.2,96468.35,0.2
1768465271508,96519.1,0.2,96469.1,0.2
1768465271631,96521.6,0.2,96471.6,0.2
1768465271818,96522.35,0.2,96472.35,0.2
1768465272034,96522.1,0.2,96472.1,0.2
1768465272265,96521.95,0.2,96471.95,0.2
1768465273882,96522.6,0.2,96472.6,0.2
1768465273889,96523.35,0.2,96473.35,0.2
1768465273892,96524.45,0.2,96474.45,0.2
1768465273922,96523.7,0.2,96473.7,0.2
1768465273925,96524.8,0.2,96474.8,0.2
1768465273952,96523.65,0.2,96473.65,0.2
1768465274017,96524.4,0.2,96474.4,0.2
1768465274275,96524.65,0.2,96474.65,0.2
1768465274394,96525.15,0.2,96475.15,0.2
1768465274427,96526.05,0.2,96476.05,0.2
1768465274526,96524.4,0.2,96474.4,0.2
1768465274637,96524.65,0.2,96474.65,0.2
1768465274638,96526.65,0.2,96476.65,0.2
1768465274687,96525.15,0.2,96475.15,0.2
1768465274689,96526.2,0.2,96476.2,0.2
1768465274802,96526.95,0.2,96476.95,0.2
1768465274825,96527.95,0.2,96477.95,0.2
1768465274984,96528.1,0.2,96478.1,0.2
1768465275091,96527.85,0.2,96477.85,0.2
1768465275157,96528.85,0.2,96478.85,0.2
1768465275287,96529.2,0.2,96479.2,0.2
1768465275981,96529.6,0.2,96479.6,0.2
1768465276023,96528.2,0.2,96478.2,0.2
1768465276173,96528.1,0.2,96478.1,0.2
1768465276284,96528.6,0.2,96478.6,0.2
1768465276504,96528.7,0.2,96478.7,0.2
1768465276698,96526.85,0.2,96476.85,0.2
1768465276844,96526.95,0.2,96476.95,0.2
1768465276954,96526.85,0.2,96476.85,0.2
1768465277077,96526.7,0.2,96476.7,0.2
1768465277100,96527.7,0.2,96477.7,0.2
1768465277244,96527.45,0.2,96477.45,0.2
1768465277348,96526.6,0.2,96476.6,0.2
1768465277594,96526.8,0.2,96476.8,0.2
1768465277704,96527.2,0.2,96477.2,0.2
1768465278598,96527.05,0.2,96477.05,0.2
1768465278600,96526.2,0.2,96476.2,0.2
1768465279464,96526.45,0.2,96476.45,0.2
1768465279775,96525.55,0.2,96475.55,0.2
1768465280025,96526.2,0.2,96476.2,0.2
1768465280246,96526.7,0.2,96476.7,0.2
1768465280465,96527.2,0.2,96477.2,0.2
1768465280695,96526.8,0.2,96476.8,0.2
1768465280711,96526.2,0.2,96476.2,0.2
1768465280961,96526.95,0.2,96476.95,0.2
1768465281364,96527.2,0.2,96477.2,0.2
1768465281584,96527.45,0.2,96477.45,0.2
1768465281685,96528.05,0.2,96478.05,0.2
1768465281694,96529.1,0.2,96479.1,0.2
1768465282119,96528.35,0.2,96478.35,0.2
1768465282465,96528.2,0.2,96478.2,0.2
1768465283156,96528.45,0.2,96478.45,0.2
1768465284013,96527.45,0.2,96477.45,0.2
1768465284354,96527.6,0.2,96477.6,0.2
1768465284644,96527.7,0.2,96477.7,0.2
1768465284985,96528.0,0.2,96478.0,0.2
1768465285051,96528.7,0.2,96478.7,0.2
1768465285330,96528.3,0.2,96478.3,0.2
1768465285434,96528.45,0.2,96478.45,0.2
1768465285545,96528.3,0.2,96478.3,0.2
1768465286701,96529.05,0.2,96479.05,0.2
1768465286735,96528.45,0.2,96478.45,0.2
1768465287195,96528.3,0.2,96478.3,0.2
1768465288235,96527.95,0.2,96477.95,0.2
1768465288294,96526.85,0.2,96476.85,0.2
1768465288402,96527.05,0.2,96477.05,0.2
1768465288409,96525.65,0.2,96475.65,0.2
1768465288432,96524.5,0.2,96474.5,0.2
1768465288532,96523.35,0.2,96473.35,0.2
1768465288567,96522.45,0.2,96472.45,0.2
1768465288619,96524.7,0.2,96474.7,0.2
1768465288742,96525.15,0.2,96475.15,0.2
1768465288861,96526.0,0.2,96476.0,0.2
1768465288984,96526.4,0.2,96476.4,0.2
1768465289105,96526.65,0.2,96476.65,0.2
1768465289214,96526.6,0.2,96476.6,0.2
1768465289321,96526.65,0.2,96476.65,0.2
1768465289578,96527.9,0.2,96477.9,0.2
1768465289583,96530.75,0.2,96480.75,0.2
1768465289625,96533.55,0.2,96483.55,0.2
1768465289735,96532.3,0.2,96482.3,0.2
1768465289852,96532.9,0.2,96482.9,0.2
1768465289880,96533.85,0.2,96483.85,0.2
1768465289988,96533.2,0.2,96483.2,0.2
1768465290152,96533.15,0.2,96483.15,0.2
1768465290684,96534.05,0.2,96484.05,0.2
1768465290906,96534.3,0.2,96484.3,0.2
1768465291475,96533.8,0.2,96483.8,0.2
1768465291686,96534.3,0.2,96484.3,0.2
1768465291796,96533.9,0.2,96483.9,0.2
1768465292057,96533.65,0.2,96483.65,0.2
1768465292525,96533.8,0.2,96483.8,0.2
1768465294435,96533.65,0.2,96483.65,0.2
1768465296767,96534.3,0.2,96484.3,0.2
1768465296825,96536.3,0.2,96486.3,0.2
1768465296843,96538.05,0.2,96488.05,0.2
1768465296854,96538.8,0.2,96488.8,0.2
1768465296867,96539.5,0.2,96489.5,0.2
1768465296871,96540.4,0.2,96490.4,0.2
1768465296886,96541.2,0.2,96491.2,0.2
1768465296987,96542.05,0.2,96492.05,0.2
1768465297102,96543.3,0.2,96493.3,0.2
1768465297117,96544.65,0.2,96494.65,0.2
1768465297180,96546.9,0.2,96496.9,0.2
1768465297224,96549.05,0.2,96499.05,0.2
1768465297257,96553.8,0.2,96503.8,0.2
1768465297359,96553.3,0.2,96503.3,0.2
1768465297474,96553.95,0.2,96503.95,0.2
1768465297584,96554.05,0.2,96504.05,0.2
1768465297801,96553.55,0.2,96503.55,0.2
1768465298888,96554.05,0.2,96504.05,0.2
1768465299214,96553.7,0.2,96503.7,0.2
1768465299339,96554.45,0.2,96504.45,0.2
1768465299926,96555.45,0.2,96505.45,0.2
1768465299984,96557.15,0.2,96507.15,0.2
1768465300008,96558.65,0.2,96508.65,0.2
1768465300025,96557.75,0.2,96507.75,0.2
1768465300071,96557.15,0.2,96507.15,0.2
1768465300085,96558.5,0.2,96508.5,0.2
1768465300106,96559.4,0.2,96509.4,0.2
1768465300210,96559.25,0.2,96509.25,0.2
1768465300238,96558.15,0.2,96508.15,0.2
1768465300356,96559.15,0.2,96509.15,0.2
1768465300645,96558.25,0.2,96508.25,0.2
1768465300807,96558.5,0.2,96508.5,0.2
1768465300863,96560.75,0.2,96510.75,0.2
1768465300967,96561.25,0.2,96511.25,0.2
1768465301066,96561.9,0.2,96511.9,0.2
1768465301074,96562.5,0.2,96512.5,0.2
1768465301134,96563.35,0.2,96513.35,0.2
1768465301227,96566.45,0.2,96516.45,0.2
1768465301329,96566.35,0.2,96516.35,0.2
1768465301423,96567.2,0.2,96517.2,0.2
1768465301553,96566.45,0.2,96516.45,0.2
1768465301618,96565.35,0.2,96515.35,0.2
1768465301681,96565.95,0.2,96515.95,0.2
1768465301784,96565.85,0.2,96515.85,0.2
1768465302019,96565.7,0.2,96515.7,0.2
1768465302483,96565.45,0.2,96515.45,0.2
1768465302846,96565.85,0.2,96515.85,0.2
1768465302891,96566.45,0.2,96516.45,0.2
1768465302978,96567.2,0.2,96517.2,0.2
1768465303291,96568.95,0.2,96518.95,0.2
1768465303391,96568.1,0.2,96518.1,0.2
1768465303425,96569.1,0.2,96519.1,0.2
1768465303554,96568.85,0.2,96518.85,0.2
1768465303655,96568.95,0.2,96518.95,0.2
1768465303820,96567.95,0.2,96517.95,0.2
1768465303913,96568.95,0.2,96518.95,0.2
1768465304014,96568.7,0.2,96518.7,0.2
1768465304078,96566.95,0.2,96516.95,0.2
1768465304185,96566.35,0.2,96516.35,0.2
1768465304291,96566.6,0.2,96516.6,0.2
1768465304305,96565.65,0.2,96515.65,0.2
1768465304356,96564.65,0.2,96514.65,0.2
1768465304584,96564.2,0.2,96514.2,0.2
1768465304702,96563.95,0.2,96513.95,0.2
1768465304818,96563.45,0.2,96513.45,0.2
1768465304934,96563.8,0.2,96513.8,0.2
1768465305055,96564.0,0.2,96514.0,0.2
1768465305174,96563.5,0.2,96513.5,0.2
1768465305278,96564.4,0.2,96514.4,0.2
1768465305385,96564.05,0.2,96514.05,0.2
1768465305468,96563.15,0.2,96513.15,0.2
1768465305617,96563.3,0.2,96513.3,0.2
1768465305729,96563.8,0.2,96513.8,0.2
1768465306084,96563.9,0.2,96513.9,0.2
1768465306444,96563.8,0.2,96513.8,0.2
1768465306664,96563.9,0.2,96513.9,0.2
1768465306896,96563.8,0.2,96513.8,0.2
1768465307894,96564.05,0.2,96514.05,0.2
1768465308009,96563.6,0.2,96513.6,0.2
1768465308115,96563.7,0.2,96513.7,0.2
1768465308164,96564.45,0.2,96514.45,0.2
1768465308296,96564.95,0.2,96514.95,0.2
1768465308404,96566.2,0.2,96516.2,0.2
1768465308526,96565.8,0.2,96515.8,0.2
1768465308634,96566.0,0.2,96516.0,0.2
1768465308755,96565.15,0.2,96515.15,0.2
1768465308874,96564.65,0.2,96514.65,0.2
1768465309104,96564.3,0.2,96514.3,0.2
1768465310856,96564.55,0.2,96514.55,0.2
1768465312231,96563.15,0.2,96513.15,0.2
1768465312236,96562.45,0.2,96512.45,0.2
1768465312300,96561.65,0.2,96511.65,0.2
1768465312381,96562.55,0.2,96512.55,0.2
1768465312508,96563.65,0.2,96513.65,0.2
1768465312620,96564.05,0.2,96514.05,0.2
1768465312706,96564.9,0.2,96514.9,0.2
1768465312915,96565.15,0.2,96515.15,0.2
1768465312999,96564.4,0.2,96514.4,0.2
1768465313226,96563.8,0.2,96513.8,0.2
1768465313332,96563.65,0.2,96513.65,0.2
1768465313356,96562.55,0.2,96512.55,0.2
1768465313414,96561.55,0.2,96511.55,0.2
1768465313517,96560.45,0.2,96510.45,0.2
1768465313544,96561.25,0.2,96511.25,0.2
1768465313652,96561.65,0.2,96511.65,0.2
1768465313764,96561.85,0.2,96511.85,0.2
1768465313869,96561.9,0.2,96511.9,0.2
1768465313984,96562.0,0.2,96512.0,0.2
1768465314102,96562.75,0.2,96512.75,0.2
1768465314526,96562.9,0.2,96512.9,0.2
1768465315639,96561.75,0.2,96511.75,0.2
1768465315771,96561.65,0.2,96511.65,0.2
1768465315855,96559.65,0.2,96509.65,0.2
1768465315859,96560.25,0.2,96510.25,0.2
1768465315947,96558.8,0.2,96508.8,0.2
1768465316061,96559.4,0.2,96509.4,0.2
1768465316171,96558.9,0.2,96508.9,0.2
1768465316284,96558.55,0.2,96508.55,0.2
1768465316399,96558.8,0.2,96508.8,0.2
1768465316504,96558.65,0.2,96508.65,0.2
1768465316678,96560.55,0.2,96510.55,0.2
1768465316754,96561.9,0.2,96511.9,0.2
1768465316775,96565.1,0.2,96515.1,0.2
1768465316808,96563.75,0.2,96513.75,0.2
1768465316846,96565.25,0.2,96515.25,0.2
1768465316897,96563.85,0.2,96513.85,0.2
1768465317036,96564.1,0.2,96514.1,0.2
1768465317240,96565.75,0.2,96515.75,0.2
1768465317344,96566.1,0.2,96516.1,0.2
1768465317365,96563.75,0.2,96513.75,0.2
1768465317467,96562.15,0.2,96512.15,0.2
1768465317584,96562.3,0.2,96512.3,0.2
1768465317665,96561.45,0.2,96511.45,0.2
1768465318079,96561.3,0.2,96511.3,0.2
1768465318192,96560.8,0.2,96510.8,0.2
1768465318334,96560.3,0.2,96510.3,0.2
1768465318454,96560.65,0.2,96510.65,0.2
1768465318565,96560.8,0.2,96510.8,0.2
1768465320340,96560.65,0.2,96510.65,0.2
1768465320414,96559.8,0.2,96509.8,0.2
1768465320528,96559.65,0.2,96509.65,0.2
1768465320604,96558.95,0.2,96508.95,0.2
1768465320832,96559.45,0.2,96509.45,0.2
1768465320953,96558.95,0.2,96508.95,0.2
1768465321165,96558.6,0.2,96508.6,0.2
1768465321266,96558.45,0.2,96508.45,0.2
1768465321341,96557.55,0.2,96507.55,0.2
1768465321381,96556.7,0.2,96506.7,0.2
1768465321405,96555.1,0.2,96505.1,0.2
1768465321418,96553.7,0.2,96503.7,0.2
1768465321477,96552.2,0.2,96502.2,0.2
1768465321549,96550.35,0.2,96500.35,0.2
1768465321565,96552.0,0.2,96502.0,0.2
1768465321660,96549.9,0.2,96499.9,0.2
1768465321764,96549.65,0.2,96499.65,0.2
1768465321824,96550.75,0.2,96500.75,0.2
1768465321939,96550.65,0.2,96500.65,0.2
1768465322142,96549.95,0.2,96499.95,0.2
1768465322284,96549.7,0.2,96499.7,0.2
1768465322394,96550.05,0.2,96500.05,0.2
1768465322514,96550.35,0.2,96500.35,0.2
1768465323114,96550.0,0.2,96500.0,0.2
1768465323475,96548.7,0.2,96498.7,0.2
1768465323584,96548.25,0.2,96498.25,0.2
1768465323666,96547.4,0.2,96497.4,0.2
1768465323757,96546.65,0.2,96496.65,0.2
1768465323771,96545.9,0.2,96495.9,0.2
1768465323822,96544.65,0.2,96494.65,0.2
1768465323912,96546.15,0.2,96496.15,0.2
1768465323947,96545.4,0.2,96495.4,0.2
1768465323973,96544.5,0.2,96494.5,0.2
1768465324259,96545.25,0.2,96495.25,0.2
1768465324595,96545.5,0.2,96495.5,0.2
1768465324714,96545.4,0.2,96495.4,0.2
1768465324817,96543.75,0.2,96493.75,0.2
1768465325174,96543.5,0.2,96493.5,0.2
1768465325284,96543.75,0.2,96493.75,0.2
1768465325396,96543.65,0.2,96493.65,0.2
1768465325514,96543.5,0.2,96493.5,0.2
1768465325864,96543.4,0.2,96493.4,0.2
1768465326271,96537.4,0.2,96487.4,0.2
1768465326273,96533.85,0.2,96483.85,0.2
1768465327064,96533.35,0.2,96483.35,0.2
1768465327174,96533.95,0.2,96483.95,0.2
1768465327624,96534.1,0.2,96484.1,0.2
1768465328295,96532.75,0.2,96482.75,0.2
1768465328538,96532.4,0.2,96482.4,0.2
1768465329344,96532.25,0.2,96482.25,0.2
1768465329464,96532.4,0.2,96482.4,0.2
1768465329707,96531.65,0.2,96481.65,0.2
1768465329812,96531.4,0.2,96481.4,0.2
1768465329857,96532.0,0.2,96482.0,0.2
1768465330096,96532.5,0.2,96482.5,0.2
1768465330864,96530.9,0.2,96480.9,0.2
1768465330945,96529.9,0.2,96479.9,0.2
1768465331805,96529.65,0.2,96479.65,0.2
1768465331845,96527.9,0.2,96477.9,0.2
1768465331984,96528.4,0.2,96478.4,0.2
1768465332107,96528.3,0.2,96478.3,0.2
1768465332209,96528.4,0.2,96478.4,0.2
1768465332324,96527.8,0.2,96477.8,0.2
1768465332335,96527.15,0.2,96477.15,0.2
1768465332446,96527.65,0.2,96477.65,0.2
1768465332784,96527.55,0.2,96477.55,0.2
1768465333264,96528.05,0.2,96478.05,0.2
1768465333384,96527.55,0.2,96477.55,0.2
1768465333854,96527.3,0.2,96477.3,0.2
1768465335310,96526.9,0.2,96476.9,0.2
1768465335315,96525.85,0.2,96475.85,0.2
1768465335343,96524.95,0.2,96474.95,0.2
1768465335395,96523.95,0.2,96473.95,0.2
1768465335496,96523.75,0.2,96473.75,0.2
1768465335538,96525.1,0.2,96475.1,0.2
1768465335664,96525.25,0.2,96475.25,0.2
1768465335776,96525.0,0.2,96475.0,0.2
1768465335999,96525.35,0.2,96475.35,0.2
1768465336091,96527.6,0.2,96477.6,0.2
1768465336201,96527.65,0.2,96477.65,0.2
1768465336219,96526.65,0.2,96476.65,0.2
1768465336338,96527.0,0.2,96477.0,0.2
1768465336454,96526.95,0.2,96476.95,0.2
1768465336493,96525.45,0.2,96475.45,0.2
1768465336746,96525.5,0.2,96475.5,0.2
1768465336793,96527.0,0.2,96477.0,0.2
1768465337021,96526.95,0.2,96476.95,0.2
1768465337044,96526.05,0.2,96476.05,0.2
1768465337164,96526.15,0.2,96476.15,0.2
1768465337285,96525.8,0.2,96475.8,0.2
1768465337405,96525.9,0.2,96475.9,0.2
1768465337524,96525.85,0.2,96475.85,0.2
1768465337632,96526.1,0.2,96476.1,0.2
1768465337739,96526.0,0.2,96476.0,0.2
1768465337950,96527.0,0.2,96477.0,0.2
1768465338095,96527.35,0.2,96477.35,0.2
1768465338269,96525.6,0.2,96475.6,0.2
1768465338394,96525.5,0.2,96475.5,0.2
1768465338633,96525.6,0.2,96475.6,0.2
1768465338734,96525.5,0.2,96475.5,0.2
1768465338864,96525.35,0.2,96475.35,0.2
1768465339126,96524.5,0.2,96474.5,0.2
1768465339505,96524.35,0.2,96474.35,0.2
1768465339625,96524.85,0.2,96474.85,0.2
1768465339957,96524.6,0.2,96474.6,0.2
1768465340071,96525.35,0.2,96475.35,0.2
1768465340757,96525.5,0.2,96475.5,0.2
1768465340994,96525.85,0.2,96475.85,0.2
1768465341806,96525.25,0.2,96475.25,0.2
1768465342774,96525.75,0.2,96475.75,0.2
1768465342910,96525.85,0.2,96475.85,0.2
1768465343253,96527.15,0.2,96477.15,0.2
1768465343481,96526.9,0.2,96476.9,0.2
1768465343584,96526.7,0.2,96476.7,0.2
1768465343704,96526.65,0.2,96476.65,0.2
1768465343837,96526.25,0.2,96476.25,0.2
1768465345116,96525.8,0.2,96475.8,0.2
1768465345220,96525.9,0.2,96475.9,0.2
1768465345334,96525.85,0.2,96475.85,0.2
1768465346047,96525.9,0.2,96475.9,0.2
1768465346164,96526.05,0.2,96476.05,0.2
1768465346394,96526.2,0.2,96476.2,0.2
1768465346627,96527.05,0.2,96477.05,0.2
1768465346687,96530.75,0.2,96480.75,0.2
1768465346744,96531.85,0.2,96481.85,0.2
1768465346851,96532.35,0.2,96482.35,0.2
1768465346857,96531.45,0.2,96481.45,0.2
1768465346865,96532.2,0.2,96482.2,0.2
1768465346984,96532.1,0.2,96482.1,0.2
1768465347026,96533.1,0.2,96483.1,0.2
1768465347137,96533.2,0.2,96483.2,0.2
1768465347239,96533.35,0.2,96483.35,0.2
1768465348087,96534.45,0.2,96484.45,0.2
1768465348186,96533.85,0.2,96483.85,0.2
1768465348403,96534.6,0.2,96484.6,0.2
1768465348544,96533.1,0.2,96483.1,0.2
1768465348545,96533.95,0.2,96483.95,0.2
1768465348559,96535.2,0.2,96485.2,0.2
1768465348600,96535.95,0.2,96485.95,0.2
1768465348697,96537.5,0.2,96487.5,0.2
1768465348798,96537.55,0.2,96487.55,0.2
1768465348954,96537.8,0.2,96487.8,0.2
1768465349064,96537.45,0.2,96487.45,0.2
1768465349094,96539.8,0.2,96489.8,0.2
1768465349190,96542.05,0.2,96492.05,0.2
1768465349308,96542.4,0.2,96492.4,0.2
1768465349419,96542.55,0.2,96492.55,0.2
1768465349451,96544.3,0.2,96494.3,0.2
1768465349556,96544.55,0.2,96494.55,0.2
1768465349573,96543.8,0.2,96493.8,0.2
1768465349725,96543.15,0.2,96493.15,0.2
1768465349778,96544.65,0.2,96494.65,0.2
1768465349894,96544.55,0.2,96494.55,0.2
1768465350014,96544.8,0.2,96494.8,0.2
1768465350246,96545.85,0.2,96495.85,0.2
1768465350594,96546.5,0.2,96496.5,0.2
1768465350714,96546.6,0.2,96496.6,0.2
1768465350819,96547.0,0.2,96497.0,0.2
1768465350852,96548.75,0.2,96498.75,0.2
1768465350911,96546.6,0.2,96496.6,0.2
1768465350912,96548.25,0.2,96498.25,0.2
1768465350941,96549.1,0.2,96499.1,0.2
1768465350996,96551.0,0.2,96501.0,0.2
1768465351054,96554.45,0.2,96504.45,0.2
1768465351120,96552.7,0.2,96502.7,0.2
1768465351224,96552.35,0.2,96502.35,0.2
1768465351327,96552.85,0.2,96502.85,0.2
1768465351468,96552.95,0.2,96502.95,0.2
1768465351824,96552.7,0.2,96502.7,0.2
1768465352064,96553.2,0.2,96503.2,0.2
1768465352294,96553.25,0.2,96503.25,0.2
1768465352401,96553.15,0.2,96503.15,0.2
1768465353317,96554.15,0.2,96504.15,0.2
1768465353323,96558.4,0.2,96508.4,0.2
1768465353383,96555.65,0.2,96505.65,0.2
1768465353454,96557.15,0.2,96507.15,0.2
1768465353531,96555.5,0.2,96505.5,0.2
1768465353561,96556.25,0.2,96506.25,0.2
1768465353684,96556.65,0.2,96506.65,0.2
1768465353914,96556.9,0.2,96506.9,0.2
1768465353926,96559.25,0.2,96509.25,0.2
1768465353946,96560.0,0.2,96510.0,0.2
1768465354092,96559.65,0.2,96509.65,0.2
1768465354094,96561.0,0.2,96511.0,0.2
1768465354156,96559.75,0.2,96509.75,0.2
1768465354227,96563.25,0.2,96513.25,0.2
1768465354228,96565.7,0.2,96515.7,0.2
1768465354260,96566.7,0.2,96516.7,0.2
1768465354368,96566.6,0.2,96516.6,0.2
1768465354479,96567.2,0.2,96517.2,0.2
1768465354583,96568.7,0.2,96518.7,0.2
1768465354724,96568.45,0.2,96518.45,0.2
1768465354782,96566.7,0.2,96516.7,0.2
1768465355003,96565.95,0.2,96515.95,0.2
1768465355964,96566.45,0.2,96516.45,0.2
1768465357132,96568.2,0.2,96518.2,0.2
1768465357277,96568.1,0.2,96518.1,0.2
1768465357394,96568.45,0.2,96518.45,0.2
1768465357474,96567.6,0.2,96517.6,0.2
1768465357534,96565.7,0.2,96515.7,0.2
1768465357586,96566.7,0.2,96516.7,0.2
1768465358675,96565.95,0.2,96515.95,0.2
1768465358804,96567.05,0.2,96517.05,0.2
1768465360225,96567.3,0.2,96517.3,0.2
1768465361614,96568.7,0.2,96518.7,0.2
1768465361932,96570.85,0.2,96520.85,0.2
1768465362058,96571.1,0.2,96521.1,0.2
1768465362190,96571.15,0.2,96521.15,0.2
1768465362307,96571.25,0.2,96521.25,0.2
1768465362334,96570.9,0.2,96520.9,0.2
1768465362335,96569.4,0.2,96519.4,0.2
1768465362828,96571.4,0.2,96521.4,0.2
1768465362934,96571.65,0.2,96521.65,0.2
1768465362994,96572.7,0.2,96522.7,0.2
1768465363106,96572.3,0.2,96522.3,0.2
1768465363228,96570.45,0.2,96520.45,0.2
1768465364673,96572.7,0.2,96522.7,0.2
1768465364741,96573.55,0.2,96523.55,0.2
1768465364854,96573.8,0.2,96523.8,0.2
1768465364955,96573.7,0.2,96523.7,0.2
1768465365094,96573.55,0.2,96523.55,0.2
1768465365451,96573.2,0.2,96523.2,0.2
1768465366194,96573.55,0.2,96523.55,0.2
1768465366500,96574.2,0.2,96524.2,0.2
1768465366601,96573.55,0.2,96523.55,0.2
1768465367002,96572.55,0.2,96522.55,0.2
1768465367377,96570.9,0.2,96520.9,0.2
1768465367442,96569.35,0.2,96519.35,0.2
1768465367556,96568.3,0.2,96518.3,0.2
1768465367680,96567.95,0.2,96517.95,0.2
1768465367742,96567.2,0.2,96517.2,0.2
1768465367854,96567.55,0.2,96517.55,0.2
1768465367974,96568.95,0.2,96518.95,0.2
1768465368054,96566.95,0.2,96516.95,0.2
1768465368169,96567.2,0.2,96517.2,0.2
1768465368274,96566.7,0.2,96516.7,0.2
1768465368381,96565.95,0.2,96515.95,0.2
1768465368737,96566.7,0.2,96516.7,0.2
1768465368792,96568.45,0.2,96518.45,0.2
1768465368908,96568.55,0.2,96518.55,0.2
1768465369097,96572.45,0.2,96522.45,0.2
1768465369101,96573.9,0.2,96523.9,0.2
1768465369308,96573.65,0.2,96523.65,0.2
1768465369904,96573.25,0.2,96523.25,0.2
1768465371117,96576.1,0.2,96526.1,0.2
1768465371154,96577.1,0.2,96527.1,0.2
1768465371192,96578.35,0.2,96528.35,0.2
1768465371593,96577.35,0.2,96527.35,0.2
1768465371927,96576.65,0.2,96526.65,0.2
1768465372054,96576.6,0.2,96526.6,0.2
1768465372135,96575.5,0.2,96525.5,0.2
1768465372524,96575.35,0.2,96525.35,0.2
1768465372647,96575.25,0.2,96525.25,0.2
1768465372764,96575.5,0.2,96525.5,0.2
1768465372874,96575.85,0.2,96525.85,0.2
1768465374473,96578.25,0.2,96528.25,0.2
1768465374574,96578.45,0.2,96528.45,0.2
1768465374673,96577.55,0.2,96527.55,0.2
1768465374723,96576.85,0.2,96526.85,0.2
1768465375678,96576.95,0.2,96526.95,0.2
1768465375914,96576.3,0.2,96526.3,0.2
1768465376605,96576.45,0.2,96526.45,0.2
1768465376721,96576.95,0.2,96526.95,0.2
1768465376906,96576.45,0.2,96526.45,0.2
1768465377832,96577.55,0.2,96527.55,0.2
1768465377965,96577.8,0.2,96527.8,0.2
1768465378304,96577.45,0.2,96527.45,0.2
1768465378998,96577.2,0.2,96527.2,0.2
1768465380004,96576.55,0.2,96526.55,0.2
1768465380512,96579.2,0.2,96529.2,0.2
1768465380611,96580.7,0.2,96530.7,0.2
1768465380612,96581.6,0.2,96531.6,0.2
1768465380669,96582.35,0.2,96532.35,0.2
1768465380814,96582.5,0.2,96532.5,0.2
1768465380934,96582.9,0.2,96532.9,0.2
1768465381056,96583.25,0.2,96533.25,0.2
1768465381164,96583.15,0.2,96533.15,0.2
1768465381182,96581.75,0.2,96531.75,0.2
1768465381635,96581.5,0.2,96531.5,0.2
1768465381743,96581.15,0.2,96531.15,0.2
1768465381849,96581.75,0.2,96531.75,0.2
1768465382176,96581.65,0.2,96531.65,0.2
1768465382284,96581.8,0.2,96531.8,0.2
1768465382675,96580.95,0.2,96530.95,0.2
1768465382810,96581.85,0.2,96531.85,0.2
1768465382865,96582.75,0.2,96532.75,0.2
1768465382974,96582.3,0.2,96532.3,0.2
1768465383279,96581.45,0.2,96531.45,0.2
1768465383451,96580.7,0.2,96530.7,0.2
1768465383555,96579.1,0.2,96529.1,0.2
1768465383609,96578.2,0.2,96528.2,0.2
1768465383732,96578.6,0.2,96528.6,0.2
1768465383803,96576.95,0.2,96526.95,0.2
1768465383904,96576.6,0.2,96526.6,0.2
1768465384092,96577.85,0.2,96527.85,0.2
1768465384496,96576.85,0.2,96526.85,0.2
1768465384791,96577.85,0.2,96527.85,0.2
1768465385323,96576.6,0.2,96526.6,0.2
1768465386982,96572.1,0.2,96522.1,0.2
1768465386983,96578.7,0.2,96528.7,0.2
1768465387041,96579.5,0.2,96529.5,0.2
1768465387146,96580.05,0.2,96530.05,0.2
1768465387328,96577.55,0.2,96527.55,0.2
1768465388464,96577.05,0.2,96527.05,0.2
1768465388747,96576.95,0.2,96526.95,0.2
1768465389456,96577.05,0.2,96527.05,0.2
1768465389582,96572.75,0.2,96522.75,0.2
1768465389585,96579.45,0.2,96529.45,0.2
1768465389933,96577.05,0.2,96527.05,0.2
1768465391065,96576.95,0.2,96526.95,0.2
1768465391194,96576.7,0.2,96526.7,0.2
1768465391551,96576.85,0.2,96526.85,0.2
1768465391669,96576.9,0.2,96526.9,0.2
1768465391784,96576.8,0.2,96526.8,0.2
1768465391894,96576.85,0.2,96526.85,0.2
1768465392014,96576.9,0.2,96526.9,0.2
1768465392244,96576.95,0.2,96526.95,0.2
1768465394775,96576.65,0.2,96526.65,0.2
1768465394894,96576.7,0.2,96526.7,0.2
1768465395006,96576.85,0.2,96526.85,0.2
1768465395114,96576.9,0.2,96526.9,0.2
1768465395465,96576.7,0.2,96526.7,0.2
1768465395994,96576.75,0.2,96526.75,0.2
1768465396104,96576.8,0.2,96526.8,0.2
1768465396214,96576.75,0.2,96526.75,0.2
1768465396325,96576.7,0.2,96526.7,0.2
1768465396965,96576.6,0.2,96526.6,0.2
1768465397196,96576.7,0.2,96526.7,0.2
1768465397315,96576.75,0.2,96526.75,0.2
1768465397435,96576.8,0.2,96526.8,0.2
1768465397614,96576.2,0.2,96526.2,0.2
1768465397659,96575.35,0.2,96525.35,0.2
1768465397685,96574.25,0.2,96524.25,0.2
1768465397724,96573.3,0.2,96523.3,0.2
1768465397822,96572.15,0.2,96522.15,0.2
1768465397928,96571.6,0.2,96521.6,0.2
1768465398065,96571.45,0.2,96521.45,0.2
1768465398304,96570.85,0.2,96520.85,0.2
1768465398994,96570.95,0.2,96520.95,0.2
1768465399114,96570.85,0.2,96520.85,0.2
1768465399344,96570.55,0.2,96520.55,0.2
1768465399557,96568.4,0.2,96518.4,0.2
1768465399647,96567.05,0.2,96517.05,0.2
1768465399658,96565.55,0.2,96515.55,0.2
1768465399711,96566.5,0.2,96516.5,0.2
1768465399720,96567.85,0.2,96517.85,0.2
1768465399775,96568.6,0.2,96518.6,0.2
1768465399799,96568.05,0.2,96518.05,0.2
1768465399923,96567.8,0.2,96517.8,0.2
1768465400045,96567.5,0.2,96517.5,0.2
1768465400164,96566.65,0.2,96516.65,0.2
1768465400277,96566.9,0.2,96516.9,0.2
1768465400724,96566.8,0.2,96516.8,0.2
1768465401058,96566.4,0.2,96516.4,0.2
1768465401173,96566.8,0.2,96516.8,0.2
1768465401524,96565.9,0.2,96515.9,0.2
1768465401526,96565.0,0.2,96515.0,0.2
1768465401753,96564.75,0.2,96514.75,0.2
1768465401884,96564.65,0.2,96514.65,0.2
1768465404755,96564.5,0.2,96514.5,0.2
1768465404974,96565.15,0.2,96515.15,0.2
1768465405096,96565.25,0.2,96515.25,0.2
1768465405214,96564.75,0.2,96514.75,0.2
1768465405571,96564.95,0.2,96514.95,0.2
1768465405674,96565.0,0.2,96515.0,0.2
1768465405798,96565.25,0.2,96515.25,0.2
1768465405900,96565.15,0.2,96515.15,0.2
1768465406001,96565.25,0.2,96515.25,0.2
1768465406115,96564.75,0.2,96514.75,0.2
1768465406216,96565.25,0.2,96515.25,0.2
1768465406617,96566.75,0.2,96516.75,0.2
1768465406669,96565.9,0.2,96515.9,0.2
1768465407044,96565.4,0.2,96515.4,0.2
1768465410316,96565.25,0.2,96515.25,0.2
1768465410786,96565.4,0.2,96515.4,0.2
1768465411129,96566.75,0.2,96516.75,0.2
1768465411353,96567.0,0.2,96517.0,0.2
1768465411480,96565.75,0.2,96515.75,0.2
1768465411718,96565.5,0.2,96515.5,0.2
1768465411984,96565.4,0.2,96515.4,0.2
1768465412795,96565.5,0.2,96515.5,0.2
1768465413484,96565.4,0.2,96515.4,0.2
1768465413995,96565.5,0.2,96515.5,0.2
1768465414180,96564.5,0.2,96514.5,0.2
1768465414924,96563.75,0.2,96513.75,0.2
1768465415034,96563.9,0.2,96513.9,0.2
1768465415610,96563.25,0.2,96513.25,0.2
1768465415685,96562.45,0.2,96512.45,0.2
1768465415744,96560.5,0.2,96510.5,0.2
1768465415863,96560.25,0.2,96510.25,0.2
1768465415925,96561.5,0.2,96511.5,0.2
1768465416037,96562.15,0.2,96512.15,0.2
1768465416274,96561.15,0.2,96511.15,0.2
1768465416384,96560.9,0.2,96510.9,0.2
1768465416494,96561.4,0.2,96511.4,0.2
1768465417009,96561.5,0.2,96511.5,0.2
1768465417244,96562.0,0.2,96512.0,0.2
1768465417346,96561.75,0.2,96511.75,0.2
1768465417601,96561.4,0.2,96511.4,0.2
1768465417707,96561.25,0.2,96511.25,0.2
1768465417835,96561.4,0.2,96511.4,0.2
1768465417946,96561.25,0.2,96511.25,0.2
1768465418200,96561.4,0.2,96511.4,0.2
1768465418325,96561.5,0.2,96511.5,0.2
1768465418555,96561.25,0.2,96511.25,0.2
1768465419937,96561.5,0.2,96511.5,0.2
1768465420142,96563.2,0.2,96513.2,0.2
1768465420256,96563.3,0.2,96513.3,0.2
1768465420458,96564.15,0.2,96514.15,0.2
1768465420559,96564.2,0.2,96514.2,0.2
1768465420664,96564.1,0.2,96514.1,0.2
1768465420784,96564.9,0.2,96514.9,0.2
1768465420886,96563.9,0.2,96513.9,0.2
1768465420996,96563.3,0.2,96513.3,0.2
1768465421118,96563.65,0.2,96513.65,0.2
1768465421258,96564.15,0.2,96514.15,0.2
1768465421595,96563.9,0.2,96513.9,0.2
1768465421714,96563.4,0.2,96513.4,0.2
1768465421818,96562.9,0.2,96512.9,0.2
1768465423364,96562.4,0.2,96512.4,0.2
1768465423606,96562.25,0.2,96512.25,0.2
1768465423834,96562.65,0.2,96512.65,0.2
1768465424154,96562.45,0.2,96512.45,0.2
1768465424226,96561.35,0.2,96511.35,0.2
1768465424322,96560.35,0.2,96510.35,0.2
1768465424574,96558.55,0.2,96508.55,0.2
1768465424691,96559.35,0.2,96509.35,0.2
1768465424815,96559.6,0.2,96509.6,0.2
1768465424935,96559.05,0.2,96509.05,0.2
1768465425054,96559.35,0.2,96509.35,0.2
1768465425284,96559.6,0.2,96509.6,0.2
1768465425804,96559.0,0.2,96509.0,0.2
1768465426155,96559.15,0.2,96509.15,0.2
1768465428276,96558.5,0.2,96508.5,0.2
1768465428314,96557.35,0.2,96507.35,0.2
1768465428374,96556.8,0.2,96506.8,0.2
1768465428396,96555.8,0.2,96505.8,0.2
1768465428542,96555.05,0.2,96505.05,0.2
1768465428664,96554.8,0.2,96504.8,0.2
1768465428784,96554.3,0.2,96504.3,0.2
1768465433255,96553.55,0.2,96503.55,0.2
1768465433273,96552.45,0.2,96502.45,0.2
1768465433309,96551.8,0.2,96501.8,0.2
1768465433374,96550.1,0.2,96500.1,0.2
1768465433495,96550.35,0.2,96500.35,0.2
1768465433611,96550.6,0.2,96500.6,0.2
1768465433841,96550.0,0.2,96500.0,0.2
1768465434361,96549.6,0.2,96499.6,0.2
1768465434698,96549.85,0.2,96499.85,0.2
1768465434925,96550.35,0.2,96500.35,0.2
1768465435156,96551.1,0.2,96501.1,0.2
1768465435173,96552.7,0.2,96502.7,0.2
1768465435219,96553.7,0.2,96503.7,0.2
1768465435224,96554.8,0.2,96504.8,0.2
1768465435232,96555.8,0.2,96505.8,0.2
1768465435335,96555.3,0.2,96505.3,0.2
1768465435464,96554.8,0.2,96504.8,0.2
1768465435980,96554.55,0.2,96504.55,0.2
1768465436379,96554.7,0.2,96504.7,0.2
1768465436445,96556.55,0.2,96506.55,0.2
1768465436554,96556.3,0.2,96506.3,0.2
1768465436790,96556.45,0.2,96506.45,0.2
1768465436966,96555.8,0.2,96505.8,0.2
1768465437194,96555.95,0.2,96505.95,0.2
1768465437322,96556.45,0.2,96506.45,0.2
1768465437435,96556.6,0.2,96506.6,0.2
1768465437484,96557.75,0.2,96507.75,0.2
1768465437605,96559.2,0.2,96509.2,0.2
1768465437724,96559.25,0.2,96509.25,0.2
1768465437784,96557.75,0.2,96507.75,0.2
1768465438152,96558.5,0.2,96508.5,0.2
1768465438305,96559.0,0.2,96509.0,0.2
1768465438424,96558.75,0.2,96508.75,0.2
1768465438533,96558.5,0.2,96508.5,0.2
1768465438784,96558.55,0.2,96508.55,0.2
1768465438978,96557.5,0.2,96507.5,0.2
1768465439084,96556.85,0.2,96506.85,0.2
1768465439423,96558.25,0.2,96508.25,0.2
1768465439554,96558.1,0.2,96508.1,0.2
1768465439884,96557.55,0.2,96507.55,0.2
1768465439925,96556.95,0.2,96506.95,0.2
1768465440068,96556.5,0.2,96506.5,0.2
1768465440171,96556.0,0.2,96506.0,0.2
1768465440305,96554.5,0.2,96504.5,0.2
1768465440322,96555.35,0.2,96505.35,0.2
1768465441284,96555.25,0.2,96505.25,0.2
1768465442135,96555.1,0.2,96505.1,0.2
1768465442696,96554.75,0.2,96504.75,0.2
1768465442926,96554.6,0.2,96504.6,0.2
1768465444073,96555.25,0.2,96505.25,0.2
1768465444204,96555.0,0.2,96505.0,0.2
1768465444212,96554.0,0.2,96504.0,0.2
1768465444326,96553.6,0.2,96503.6,0.2
1768465444440,96552.95,0.2,96502.95,0.2
1768465444462,96553.7,0.2,96503.7,0.2
1768465444463,96552.8,0.2,96502.8,0.2
1768465444578,96552.4,0.2,96502.4,0.2
1768465444615,96551.35,0.2,96501.35,0.2
1768465444844,96551.1,0.2,96501.1,0.2
1768465444954,96551.5,0.2,96501.5,0.2
1768465445185,96551.1,0.2,96501.1,0.2
1768465445305,96551.4,0.2,96501.4,0.2
1768465445409,96552.15,0.2,96502.15,0.2
1768465445446,96553.05,0.2,96503.05,0.2
1768465445552,96553.4,0.2,96503.4,0.2
1768465445713,96552.65,0.2,96502.65,0.2
1768465446171,96552.6,0.2,96502.6,0.2
1768465446304,96552.5,0.2,96502.5,0.2
1768465446589,96554.4,0.2,96504.4,0.2
1768465446693,96554.25,0.2,96504.25,0.2
1768465446703,96553.15,0.2,96503.15,0.2
1768465446831,96552.9,0.2,96502.9,0.2
1768465446945,96553.15,0.2,96503.15,0.2
1768465447281,96553.0,0.2,96503.0,0.2
1768465447419,96554.25,0.2,96504.25,0.2
1768465447540,96554.4,0.2,96504.4,0.2
1768465448003,96553.4,0.2,96503.4,0.2
1768465448137,96553.0,0.2,96503.0,0.2
1768465448404,96553.4,0.2,96503.4,0.2
1768465448525,96553.25,0.2,96503.25,0.2
1768465448716,96554.0,0.2,96504.0,0.2
1768465448768,96553.15,0.2,96503.15,0.2
1768465448884,96553.35,0.2,96503.35,0.2
1768465449004,96553.4,0.2,96503.4,0.2
1768465449113,96553.0,0.2,96503.0,0.2
1768465449345,96553.8,0.2,96503.8,0.2
1768465450205,96553.25,0.2,96503.25,0.2
1768465450658,96552.65,0.2,96502.65,0.2
1768465450801,96552.45,0.2,96502.45,0.2
1768465450904,96553.2,0.2,96503.2,0.2
1768465451023,96553.05,0.2,96503.05,0.2
1768465451182,96552.3,0.2,96502.3,0.2
1768465451290,96553.05,0.2,96503.05,0.2
1768465451345,96554.2,0.2,96504.2,0.2
1768465451409,96552.95,0.2,96502.95,0.2
1768465451556,96553.55,0.2,96503.55,0.2
1768465451714,96553.45,0.2,96503.45,0.2
1768465451824,96552.45,0.2,96502.45,0.2
1768465451944,96552.35,0.2,96502.35,0.2
1768465452212,96551.7,0.2,96501.7,0.2
1768465452369,96552.35,0.2,96502.35,0.2
1768465452592,96552.85,0.2,96502.85,0.2
1768465453106,96552.45,0.2,96502.45,0.2
1768465454006,96551.7,0.2,96501.7,0.2
1768465454217,96551.2,0.2,96501.2,0.2
1768465454670,96551.95,0.2,96501.95,0.2
1768465457206,96547.55,0.2,96497.55,0.2
1768465457210,96544.45,0.2,96494.45,0.2
1768465457234,96543.45,0.2,96493.45,0.2
1768465457277,96540.95,0.2,96490.95,0.2
1768465457298,96540.1,0.2,96490.1,0.2
1768465457363,96539.0,0.2,96489.0,0.2
1768465457383,96536.25,0.2,96486.25,0.2
1768465457408,96534.85,0.2,96484.85,0.2
1768465457524,96534.75,0.2,96484.75,0.2
1768465457575,96535.6,0.2,96485.6,0.2
1768465457694,96535.5,0.2,96485.5,0.2
1768465457799,96535.6,0.2,96485.6,0.2
1768465457914,96535.5,0.2,96485.5,0.2
1768465458017,96535.55,0.2,96485.55,0.2
1768465458234,96535.45,0.2,96485.45,0.2
1768465458385,96535.85,0.2,96485.85,0.2
1768465458494,96535.45,0.2,96485.45,0.2
1768465458673,96534.7,0.2,96484.7,0.2
1768465458724,96533.4,0.2,96483.4,0.2
1768465458818,96530.75,0.2,96480.75,0.2
1768465458947,96530.3,0.2,96480.3,0.2
1768465459070,96530.1,0.2,96480.1,0.2
1768465459184,96530.65,0.2,96480.65,0.2
1768465459536,96530.4,0.2,96480.4,0.2
1768465460004,96529.75,0.2,96479.75,0.2
1768465460805,96529.25,0.2,96479.25,0.2
1768465460924,96529.1,0.2,96479.1,0.2
1768465461034,96528.6,0.2,96478.6,0.2
1768465461221,96527.45,0.2,96477.45,0.2
1768465461334,96528.2,0.2,96478.2,0.2
1768465461444,96528.35,0.2,96478.35,0.2
1768465461554,96529.45,0.2,96479.45,0.2
1768465461666,96529.15,0.2,96479.15,0.2
1768465461784,96529.2,0.2,96479.2,0.2
1768465462132,96528.7,0.2,96478.7,0.2
1768465462354,96528.0,0.2,96478.0,0.2
1768465462448,96527.25,0.2,96477.25,0.2
1768465462488,96525.6,0.2,96475.6,0.2
1768465462545,96524.35,0.2,96474.35,0.2
1768465462617,96522.6,0.2,96472.6,0.2
1768465462680,96523.25,0.2,96473.25,0.2
1768465462715,96524.45,0.2,96474.45,0.2
1768465462944,96524.5,0.2,96474.5,0.2
1768465462988,96525.6,0.2,96475.6,0.2
1768465463124,96525.7,0.2,96475.7,0.2
1768465463159,96527.2,0.2,96477.2,0.2
1768465463162,96528.05,0.2,96478.05,0.2
1768465463266,96528.1,0.2,96478.1,0.2
1768465463369,96527.85,0.2,96477.85,0.2
1768465463587,96526.25,0.2,96476.25,0.2
1768465464004,96525.85,0.2,96475.85,0.2
1768465464492,96526.85,0.2,96476.85,0.2
1768465464569,96525.5,0.2,96475.5,0.2
1768465464595,96526.3,0.2,96476.3,0.2
1768465464625,96527.55,0.2,96477.55,0.2
1768465464652,96528.9,0.2,96478.9,0.2
1768465464655,96530.05,0.2,96480.05,0.2
1768465464670,96531.2,0.2,96481.2,0.2
1768465464733,96530.25,0.2,96480.25,0.2
1768465464834,96529.65,0.2,96479.65,0.2
1768465465055,96529.5,0.2,96479.5,0.2
1768465465168,96529.65,0.2,96479.65,0.2
1768465469181,96529.6,0.2,96479.6,0.2
1768465470523,96530.85,0.2,96480.85,0.2
1768465470574,96531.6,0.2,96481.6,0.2
1768465470626,96530.35,0.2,96480.35,0.2
1768465470732,96530.6,0.2,96480.6,0.2
1768465470842,96530.95,0.2,96480.95,0.2
1768465471165,96531.1,0.2,96481.1,0.2
1768465471306,96530.7,0.2,96480.7,0.2
1768465471834,96531.05,0.2,96481.05,0.2
1768465472277,96531.45,0.2,96481.45,0.2
1768465472394,96531.55,0.2,96481.55,0.2
1768465472504,96531.8,0.2,96481.8,0.2
1768465472749,96532.95,0.2,96482.95,0.2
1768465472813,96531.55,0.2,96481.55,0.2
1768465472914,96531.2,0.2,96481.2,0.2
1768465473123,96530.8,0.2,96480.8,0.2
1768465473239,96530.55,0.2,96480.55,0.2
1768465473379,96530.2,0.2,96480.2,0.2
1768465473491,96530.3,0.2,96480.3,0.2
1768465473850,96531.05,0.2,96481.05,0.2
1768465474194,96530.95,0.2,96480.95,0.2
1768465474885,96531.05,0.2,96481.05,0.2
1768465475724,96531.85,0.2,96481.85,0.2
1768465475828,96532.5,0.2,96482.5,0.2
1768465475829,96534.0,0.2,96484.0,0.2
1768465475937,96534.4,0.2,96484.4,0.2
1768465475964,96533.5,0.2,96483.5,0.2
1768465476032,96532.5,0.2,96482.5,0.2
1768465476134,96532.25,0.2,96482.25,0.2
1768465476576,96532.35,0.2,96482.35,0.2
1768465476914,96530.5,0.2,96480.5,0.2
1768465477144,96530.25,0.2,96480.25,0.2
1768465479254,96530.5,0.2,96480.5,0.2
1768465479373,96530.6,0.2,96480.6,0.2
1768465480078,96530.5,0.2,96480.5,0.2
1768465480536,96530.25,0.2,96480.25,0.2
1768465480712,96536.75,0.2,96486.75,0.2
1768465480775,96546.65,0.2,96496.65,0.2
1768465480879,96554.7,0.2,96504.7,0.2
1768465480984,96555.65,0.2,96505.65,0.2
1768465481014,96557.4,0.2,96507.4,0.2
1768465481073,96555.6,0.2,96505.6,0.2
1768465481088,96556.5,0.2,96506.5,0.2
1768465481130,96558.25,0.2,96508.25,0.2
1768465481170,96561.7,0.2,96511.7,0.2
1768465481205,96563.75,0.2,96513.75,0.2
1768465481220,96561.2,0.2,96511.2,0.2
1768465481226,96563.65,0.2,96513.65,0.2
1768465481236,96561.1,0.2,96511.1,0.2
1768465481368,96560.85,0.2,96510.85,0.2
1768465481484,96561.55,0.2,96511.55,0.2
1768465481594,96561.4,0.2,96511.4,0.2
1768465481696,96561.7,0.2,96511.7,0.2
1768465481764,96560.5,0.2,96510.5,0.2
1768465481777,96559.7,0.2,96509.7,0.2
1768465482054,96558.95,0.2,96508.95,0.2
1768465482057,96557.6,0.2,96507.6,0.2
1768465482162,96558.7,0.2,96508.7,0.2
1768465482266,96558.55,0.2,96508.55,0.2
1768465482362,96557.45,0.2,96507.45,0.2
1768465482467,96556.7,0.2,96506.7,0.2
1768465482604,96556.85,0.2,96506.85,0.2
1768465482956,96556.7,0.2,96506.7,0.2
1768465483065,96556.85,0.2,96506.85,0.2
1768465483140,96557.6,0.2,96507.6,0.2
1768465483154,96558.2,0.2,96508.2,0.2
1768465483285,96558.35,0.2,96508.35,0.2
1768465483741,96557.6,0.2,96507.6,0.2
1768465484673,96556.95,0.2,96506.95,0.2
1768465487417,96556.85,0.2,96506.85,0.2
1768465488154,96556.95,0.2,96506.95,0.2
1768465488605,96556.7,0.2,96506.7,0.2
1768465488718,96556.6,0.2,96506.6,0.2
1768465488865,96556.7,0.2,96506.7,0.2
1768465489224,96556.85,0.2,96506.85,0.2
1768465491787,96556.7,0.2,96506.7,0.2
1768465491792,96555.7,0.2,96505.7,0.2
1768465491896,96555.85,0.2,96505.85,0.2
1768465491925,96554.65,0.2,96504.65,0.2
1768465492044,96555.15,0.2,96505.15,0.2
1768465492154,96554.9,0.2,96504.9,0.2
1768465492835,96555.55,0.2,96505.55,0.2
1768465492986,96555.35,0.2,96505.35,0.2
1768465493207,96553.75,0.2,96503.75,0.2
1768465493214,96554.85,0.2,96504.85,0.2
1768465493318,96553.8,0.2,96503.8,0.2
1768465493339,96552.35,0.2,96502.35,0.2
1768465500497,96551.5,0.2,96501.5,0.2
1768465503246,96551.6,0.2,96501.6,0.2
1768465505681,96551.75,0.2,96501.75,0.2
1768465505838,96551.85,0.2,96501.85,0.2
1768465507315,96551.6,0.2,96501.6,0.2
1768465508216,96551.1,0.2,96501.1,0.2
1768465508344,96551.0,0.2,96501.0,0.2
1768465508352,96551.75,0.2,96501.75,0.2
1768465509414,96551.85,0.2,96501.85,0.2
1768465510342,96551.75,0.2,96501.75,0.2
1768465511155,96551.5,0.2,96501.5,0.2
1768465511284,96551.75,0.2,96501.75,0.2
1768465515931,96552.0,0.2,96502.0,0.2
1768465516396,96551.85,0.2,96501.85,0.2
1768465517411,96551.75,0.2,96501.75,0.2
1768465517987,96552.0,0.2,96502.0,0.2
1768465532923,96551.85,0.2,96501.85,0.2
1768465533656,96553.0,0.2,96503.0,0.2
1768465533661,96552.0,0.2,96502.0,0.2
1768465534247,96553.75,0.2,96503.75,0.2
1768465534251,96554.5,0.2,96504.5,0.2
1768465534285,96555.6,0.2,96505.6,0.2
1768465534386,96555.85,0.2,96505.85,0.2
1768465534415,96557.6,0.2,96507.6,0.2
1768465534451,96559.7,0.2,96509.7,0.2
1768465534485,96558.45,0.2,96508.45,0.2
1768465534540,96556.35,0.2,96506.35,0.2
1768465534560,96558.65,0.2,96508.65,0.2
1768465534572,96560.05,0.2,96510.05,0.2
1768465534687,96559.8,0.2,96509.8,0.2
1768465534746,96559.15,0.2,96509.15,0.2
1768465534863,96559.3,0.2,96509.3,0.2
1768465535441,96559.05,0.2,96509.05,0.2
1768465535546,96559.15,0.2,96509.15,0.2
1768465535974,96559.05,0.2,96509.05,0.2
1768465536661,96559.4,0.2,96509.4,0.2
1768465536829,96560.55,0.2,96510.55,0.2
1768465536890,96559.65,0.2,96509.65,0.2
1768465537014,96559.9,0.2,96509.9,0.2
1768465537682,96560.4,0.2,96510.4,0.2
1768465537902,96559.9,0.2,96509.9,0.2
1768465538121,96560.15,0.2,96510.15,0.2
1768465538223,96559.65,0.2,96509.65,0.2
1768465538942,96559.5,0.2,96509.5,0.2
1768465540004,96559.4,0.2,96509.4,0.2
1768465540316,96558.65,0.2,96508.65,0.2
1768465540896,96559.25,0.2,96509.25,0.2
1768465541323,96558.4,0.2,96508.4,0.2
1768465541447,96558.65,0.2,96508.65,0.2
1768465541556,96558.75,0.2,96508.75,0.2
1768465541892,96558.5,0.2,96508.5,0.2
1768465543360,96558.25,0.2,96508.25,0.2
1768465543366,96556.1,0.2,96506.1,0.2
1768465543418,96555.25,0.2,96505.25,0.2
1768465543485,96554.35,0.2,96504.35,0.2
1768465543499,96553.6,0.2,96503.6,0.2
1768465543544,96552.5,0.2,96502.5,0.2
1768465543563,96551.1,0.2,96501.1,0.2
1768465543609,96549.7,0.2,96499.7,0.2
1768465543715,96550.2,0.2,96500.2,0.2
1768465543716,96550.95,0.2,96500.95,0.2
1768465543821,96551.2,0.2,96501.2,0.2
1768465543940,96551.8,0.2,96501.8,0.2
1768465544017,96551.1,0.2,96501.1,0.2
1768465544284,96551.55,0.2,96501.55,0.2
1768465544394,96551.8,0.2,96501.8,0.2
1768465544735,96552.05,0.2,96502.05,0.2
1768465544814,96550.7,0.2,96500.7,0.2
1768465544846,96549.15,0.2,96499.15,0.2
1768465544964,96548.55,0.2,96498.55,0.2
1768465545005,96549.55,0.2,96499.55,0.2
1768465545085,96550.9,0.2,96500.9,0.2
1768465545265,96551.8,0.2,96501.8,0.2
1768465545384,96551.55,0.2,96501.55,0.2
1768465545446,96550.55,0.2,96500.55,0.2
1768465545561,96550.3,0.2,96500.3,0.2
1768465545698,96550.8,0.2,96500.8,0.2
1768465550373,96549.8,0.2,96499.8,0.2
1768465550475,96549.85,0.2,96499.85,0.2
1768465550516,96548.5,0.2,96498.5,0.2
1768465550578,96547.55,0.2,96497.55,0.2
1768465550683,96548.05,0.2,96498.05,0.2
1768465550739,96547.45,0.2,96497.45,0.2
1768465550744,96546.7,0.2,96496.7,0.2
1768465550763,96540.15,0.2,96490.15,0.2
1768465550770,96538.75,0.2,96488.75,0.2
1768465550796,96536.05,0.2,96486.05,0.2
1768465550823,96537.05,0.2,96487.05,0.2
1768465550924,96537.2,0.2,96487.2,0.2
1768465551025,96536.95,0.2,96486.95,0.2
1768465551132,96536.6,0.2,96486.6,0.2
1768465551217,96535.6,0.2,96485.6,0.2
1768465551980,96537.1,0.2,96487.1,0.2
1768465552007,96536.1,0.2,96486.1,0.2
1768465552126,96535.7,0.2,96485.7,0.2
1768465552845,96535.35,0.2,96485.35,0.2
1768465553465,96534.95,0.2,96484.95,0.2
1768465553698,96535.45,0.2,96485.45,0.2
1768465554972,96536.7,0.2,96486.7,0.2
1768465555005,96535.6,0.2,96485.6,0.2
1768465555134,96535.45,0.2,96485.45,0.2
1768465555552,96536.7,0.2,96486.7,0.2
1768465556614,96537.2,0.2,96487.2,0.2
1768465556720,96537.4,0.2,96487.4,0.2
1768465556954,96537.15,0.2,96487.15,0.2
1768465557195,96537.3,0.2,96487.3,0.2
1768465557412,96537.4,0.2,96487.4,0.2
1768465557692,96538.55,0.2,96488.55,0.2
1768465557734,96541.7,0.2,96491.7,0.2
1768465557849,96541.95,0.2,96491.95,0.2
1768465557879,96543.95,0.2,96493.95,0.2
1768465557899,96546.1,0.2,96496.1,0.2
1768465557950,96545.15,0.2,96495.15,0.2
1768465558022,96544.6,0.2,96494.6,0.2
1768465558193,96544.5,0.2,96494.5,0.2
1768465558208,96543.6,0.2,96493.6,0.2
1768465558261,96545.1,0.2,96495.1,0.2
1768465558270,96546.55,0.2,96496.55,0.2
1768465558375,96547.2,0.2,96497.2,0.2
1768465558460,96547.95,0.2,96497.95,0.2
1768465558468,96549.4,0.2,96499.4,0.2
1768465558609,96549.55,0.2,96499.55,0.2
1768465558716,96550.3,0.2,96500.3,0.2
1768465558784,96551.9,0.2,96501.9,0.2
1768465558891,96552.25,0.2,96502.25,0.2
1768465558991,96552.4,0.2,96502.4,0.2
1768465559005,96551.65,0.2,96501.65,0.2
1768465559342,96552.4,0.2,96502.4,0.2
1768465559455,96552.65,0.2,96502.65,0.2
1768465559835,96552.5,0.2,96502.5,0.2
1768465559846,96553.25,0.2,96503.25,0.2
1768465559926,96556.0,0.2,96506.0,0.2
1768465560011,96557.65,0.2,96507.65,0.2
1768465560202,96556.9,0.2,96506.9,0.2
1768465560796,96556.5,0.2,96506.5,0.2
1768465560922,96556.9,0.2,96506.9,0.2
1768465561385,96557.5,0.2,96507.5,0.2
1768465561632,96556.9,0.2,96506.9,0.2
1768465562098,96555.8,0.2,96505.8,0.2
1768465562210,96556.15,0.2,96506.15,0.2
1768465562230,96555.45,0.2,96505.45,0.2
1768465563296,96555.2,0.2,96505.2,0.2
1768465563413,96554.7,0.2,96504.7,0.2
1768465563524,96554.95,0.2,96504.95,0.2
1768465565256,96554.55,0.2,96504.55,0.2
1768465565472,96554.4,0.2,96504.4,0.2
1768465565583,96554.15,0.2,96504.15,0.2
1768465565726,96554.25,0.2,96504.25,0.2
1768465566561,96553.65,0.2,96503.65,0.2
1768465566595,96553.0,0.2,96503.0,0.2
1768465566714,96553.15,0.2,96503.15,0.2
1768465566800,96552.2,0.2,96502.2,0.2
1768465566902,96552.85,0.2,96502.85,0.2
1768465567005,96552.65,0.2,96502.65,0.2
1768465567117,96552.4,0.2,96502.4,0.2
1768465567344,96552.65,0.2,96502.65,0.2
1768465567536,96550.75,0.2,96500.75,0.2
1768465567645,96550.35,0.2,96500.35,0.2
1768465567705,96549.55,0.2,96499.55,0.2
1768465567821,96550.3,0.2,96500.3,0.2
1768465567884,96549.1,0.2,96499.1,0.2
1768465567911,96548.2,0.2,96498.2,0.2
1768465567950,96547.2,0.2,96497.2,0.2
1768465568064,96547.1,0.2,96497.1,0.2
1768465568295,96546.95,0.2,96496.95,0.2
1768465568414,96547.35,0.2,96497.35,0.2
1768465568754,96547.1,0.2,96497.1,0.2
1768465569114,96546.95,0.2,96496.95,0.2
1768465569875,96546.0,0.2,96496.0,0.2
1768465569924,96545.15,0.2,96495.15,0.2
1768465570042,96545.25,0.2,96495.25,0.2
1768465570157,96545.35,0.2,96495.35,0.2
1768465570393,96545.15,0.2,96495.15,0.2
1768465570436,96544.4,0.2,96494.4,0.2
1768465570524,96543.3,0.2,96493.3,0.2
1768465570535,96541.9,0.2,96491.9,0.2
1768465570559,96541.05,0.2,96491.05,0.2
1768465570665,96541.55,0.2,96491.55,0.2
1768465570925,96541.15,0.2,96491.15,0.2
1768465571035,96541.05,0.2,96491.05,0.2
1768465571145,96540.4,0.2,96490.4,0.2
1768465571266,96540.9,0.2,96490.9,0.2
1768465571724,96541.05,0.2,96491.05,0.2
1768465571844,96541.3,0.2,96491.3,0.2
1768465572184,96541.05,0.2,96491.05,0.2
1768465573115,96540.9,0.2,96490.9,0.2
1768465573234,96540.4,0.2,96490.4,0.2
1768465573449,96540.8,0.2,96490.8,0.2
1768465573595,96541.05,0.2,96491.05,0.2
1768465575045,96540.9,0.2,96490.9,0.2
1768465575239,96539.65,0.2,96489.65,0.2
1768465575343,96539.55,0.2,96489.55,0.2
1768465575358,96540.4,0.2,96490.4,0.2
1768465575468,96538.45,0.2,96488.45,0.2
1768465575684,96537.8,0.2,96487.8,0.2
1768465575755,96537.2,0.2,96487.2,0.2
1768465576432,96536.95,0.2,96486.95,0.2
1768465576560,96536.8,0.2,96486.8,0.2
1768465576706,96536.7,0.2,96486.7,0.2
1768465576825,96536.55,0.2,96486.55,0.2
1768465577339,96535.95,0.2,96485.95,0.2
1768465577355,96534.65,0.2,96484.65,0.2
1768465577474,96533.85,0.2,96483.85,0.2
1768465577585,96533.95,0.2,96483.95,0.2
1768465577704,96533.5,0.2,96483.5,0.2
1768465577827,96533.35,0.2,96483.35,0.2
1768465577940,96532.75,0.2,96482.75,0.2
1768465578055,96533.1,0.2,96483.1,0.2
1768465578187,96532.9,0.2,96482.9,0.2
1768465578295,96532.8,0.2,96482.8,0.2
1768465578414,96533.05,0.2,96483.05,0.2
1768465579578,96532.3,0.2,96482.3,0.2
1768465579676,96531.45,0.2,96481.45,0.2
1768465579785,96530.45,0.2,96480.45,0.2
1768465579826,96529.55,0.2,96479.55,0.2
1768465579934,96530.35,0.2,96480.35,0.2
1768465580036,96530.85,0.2,96480.85,0.2
1768465580107,96529.95,0.2,96479.95,0.2
1768465580247,96528.6,0.2,96478.6,0.2
1768465580287,96527.05,0.2,96477.05,0.2
1768465580306,96528.4,0.2,96478.4,0.2
1768465580358,96530.3,0.2,96480.3,0.2
1768465580464,96529.7,0.2,96479.7,0.2
1768465580574,96530.2,0.2,96480.2,0.2
1768465580812,96530.3,0.2,96480.3,0.2
1768465580934,96530.4,0.2,96480.4,0.2
1768465581003,96528.75,0.2,96478.75,0.2
1768465581063,96527.8,0.2,96477.8,0.2
1768465581176,96527.9,0.2,96477.9,0.2
1768465581296,96528.15,0.2,96478.15,0.2
1768465581434,96528.5,0.2,96478.5,0.2
1768465581548,96528.8,0.2,96478.8,0.2
1768465581587,96530.3,0.2,96480.3,0.2
1768465581644,96529.45,0.2,96479.45,0.2
1768465581668,96528.2,0.2,96478.2,0.2
1768465581827,96527.95,0.2,96477.95,0.2
1768465581944,96528.2,0.2,96478.2,0.2
1768465582462,96529.45,0.2,96479.45,0.2
1768465583338,96529.55,0.2,96479.55,0.2
1768465583584,96529.45,0.2,96479.45,0.2
1768465583777,96528.2,0.2,96478.2,0.2
1768465584097,96526.95,0.2,96476.95,0.2
1768465584126,96526.0,0.2,96476.0,0.2
1768465584270,96526.65,0.2,96476.65,0.2
1768465584273,96525.85,0.2,96475.85,0.2
1768465584342,96525.2,0.2,96475.2,0.2
1768465584372,96526.5,0.2,96476.5,0.2
1768465584479,96526.45,0.2,96476.45,0.2
1768465584531,96519.6,0.2,96469.6,0.2
1768465584533,96518.15,0.2,96468.15,0.2
1768465584664,96518.05,0.2,96468.05,0.2
1768465584784,96517.65,0.2,96467.65,0.2
1768465585004,96518.35,0.2,96468.35,0.2
1768465585047,96519.6,0.2,96469.6,0.2
1768465585151,96520.0,0.2,96470.0,0.2
1768465585394,96520.25,0.2,96470.25,0.2
1768465585445,96519.0,0.2,96469.0,0.2
1768465585577,96518.85,0.2,96468.85,0.2
1768465585634,96519.85,0.2,96469.85,0.2
1768465585864,96519.9,0.2,96469.9,0.2
1768465585985,96519.95,0.2,96469.95,0.2
1768465586224,96519.55,0.2,96469.55,0.2
1768465586706,96519.7,0.2,96469.7,0.2
1768465587284,96519.75,0.2,96469.75,0.2
1768465589306,96519.9,0.2,96469.9,0.2
1768465589664,96520.0,0.2,96470.0,0.2
1768465590014,96520.15,0.2,96470.15,0.2
1768465591874,96520.0,0.2,96470.0,0.2
1768465592798,96519.9,0.2,96469.9,0.2
1768465592924,96519.65,0.2,96469.65,0.2
1768465593036,96519.5,0.2,96469.5,0.2
1768465593604,96519.65,0.2,96469.65,0.2
1768465593714,96519.4,0.2,96469.4,0.2
1768465593785,96517.5,0.2,96467.5,0.2
1768465593879,96518.65,0.2,96468.65,0.2
1768465593880,96517.8,0.2,96467.8,0.2
1768465593983,96518.0,0.2,96468.0,0.2
1768465594098,96518.35,0.2,96468.35,0.2
1768465594133,96519.1,0.2,96469.1,0.2
1768465594166,96520.0,0.2,96470.0,0.2
1768465594278,96520.35,0.2,96470.35,0.2
1768465594418,96521.9,0.2,96471.9,0.2
1768465594776,96521.55,0.2,96471.55,0.2
1768465594898,96520.15,0.2,96470.15,0.2
1768465594912,96521.55,0.2,96471.55,0.2
1768465595124,96521.3,0.2,96471.3,0.2
1768465595129,96520.55,0.2,96470.55,0.2
1768465595234,96520.4,0.2,96470.4,0.2
1768465595372,96519.4,0.2,96469.4,0.2
1768465595474,96520.05,0.2,96470.05,0.2
1768465595575,96520.3,0.2,96470.3,0.2
1768465596018,96519.55,0.2,96469.55,0.2
1768465596265,96519.15,0.2,96469.15,0.2
1768465596957,96519.3,0.2,96469.3,0.2
1768465597284,96518.1,0.2,96468.1,0.2
1768465598884,96517.5,0.2,96467.5,0.2
1768465598955,96518.1,0.2,96468.1,0.2
1768465599671,96517.85,0.2,96467.85,0.2
1768465599954,96517.75,0.2,96467.75,0.2
1768465600089,96517.1,0.2,96467.1,0.2
1768465600205,96516.5,0.2,96466.5,0.2
1768465600307,96515.5,0.2,96465.5,0.2
1768465600417,96515.55,0.2,96465.55,0.2
1768465600566,96515.7,0.2,96465.7,0.2
1768465604319,96514.8,0.2,96464.8,0.2
1768465604326,96513.05,0.2,96463.05,0.2
1768465604327,96511.95,0.2,96461.95,0.2
1768465604366,96510.95,0.2,96460.95,0.2
1768465604375,96508.5,0.2,96458.5,0.2
1768465604498,96509.6,0.2,96459.6,0.2
1768465604577,96508.05,0.2,96458.05,0.2
1768465605027,96507.85,0.2,96457.85,0.2
1768465605176,96507.1,0.2,96457.1,0.2
1768465605306,96506.8,0.2,96456.8,0.2
1768465605410,96506.9,0.2,96456.9,0.2
1768465605589,96505.9,0.2,96455.9,0.2
1768465605715,96503.9,0.2,96453.9,0.2
1768465605748,96502.0,0.2,96452.0,0.2
1768465605894,96502.2,0.2,96452.2,0.2
1768465606014,96502.0,0.2,96452.0,0.2
1768465606815,96502.15,0.2,96452.15,0.2
1768465607975,96501.75,0.2,96451.75,0.2
1768465608050,96501.0,0.2,96451.0,0.2
1768465608152,96501.6,0.2,96451.6,0.2
1768465608212,96502.7,0.2,96452.7,0.2
1768465608253,96501.85,0.2,96451.85,0.2
1768465608354,96501.9,0.2,96451.9,0.2
1768465608466,96502.55,0.2,96452.55,0.2
1768465608571,96503.15,0.2,96453.15,0.2
1768465608674,96502.85,0.2,96452.85,0.2
1768465608768,96502.15,0.2,96452.15,0.2
1768465608871,96501.15,0.2,96451.15,0.2
1768465608997,96501.85,0.2,96451.85,0.2
1768465609104,96501.95,0.2,96451.95,0.2
1768465609794,96502.05,0.2,96452.05,0.2
1768465609914,96502.1,0.2,96452.1,0.2
1768465610027,96501.35,0.2,96451.35,0.2
1768465610095,96499.9,0.2,96449.9,0.2
1768465610154,96500.95,0.2,96450.95,0.2
1768465610216,96499.3,0.2,96449.3,0.2
1768465610316,96499.65,0.2,96449.65,0.2
1768465610541,96499.4,0.2,96449.4,0.2
1768465610649,96499.05,0.2,96449.05,0.2
1768465610879,96498.65,0.2,96448.65,0.2
1768465611067,96497.55,0.2,96447.55,0.2
1768465611118,96496.4,0.2,96446.4,0.2
1768465611327,96496.9,0.2,96446.9,0.2
1768465611579,96498.55,0.2,96448.55,0.2
1768465611789,96496.9,0.2,96446.9,0.2
1768465611914,96496.65,0.2,96446.65,0.2
1768465612018,96496.4,0.2,96446.4,0.2
1768465612148,96496.05,0.2,96446.05,0.2
1768465612351,96497.9,0.2,96447.9,0.2
1768465612457,96498.15,0.2,96448.15,0.2
1768465612472,96499.3,0.2,96449.3,0.2
1768465612592,96499.8,0.2,96449.8,0.2
1768465612873,96498.55,0.2,96448.55,0.2
1768465613124,96498.05,0.2,96448.05,0.2
1768465613190,96498.8,0.2,96448.8,0.2
1768465613287,96492.25,0.2,96442.25,0.2
1768465613392,96491.8,0.2,96441.8,0.2
1768465613499,96493.0,0.2,96443.0,0.2
1768465613512,96494.15,0.2,96444.15,0.2
1768465613613,96493.05,0.2,96443.05,0.2
1768465613620,96494.15,0.2,96444.15,0.2
1768465613743,96493.1,0.2,96443.1,0.2
1768465613843,96493.25,0.2,96443.25,0.2
1768465613953,96492.9,0.2,96442.9,0.2
1768465613968,96494.05,0.2,96444.05,0.2
1768465614043,96492.6,0.2,96442.6,0.2
1768465614111,96491.75,0.2,96441.75,0.2
1768465614234,96492.35,0.2,96442.35,0.2
1768465614356,96492.25,0.2,96442.25,0.2
1768465614590,96492.35,0.2,96442.35,0.2
1768465615069,96493.6,0.2,96443.6,0.2
1768465615395,96493.0,0.2,96443.0,0.2
1768465615514,96493.5,0.2,96443.5,0.2
1768465615583,96492.1,0.2,96442.1,0.2
1768465615984,96492.25,0.2,96442.25,0.2
1768465616610,96491.6,0.2,96441.6,0.2
1768465616714,96492.1,0.2,96442.1,0.2
1768465617744,96491.85,0.2,96441.85,0.2
1768465617975,96492.1,0.2,96442.1,0.2
1768465618865,96492.0,0.2,96442.0,0.2
1768465619219,96492.25,0.2,96442.25,0.2
1768465619624,96491.6,0.2,96441.6,0.2
1768465619744,96492.1,0.2,96442.1,0.2
1768465620259,96491.6,0.2,96441.6,0.2
1768465620362,96492.1,0.2,96442.1,0.2
1768465620370,96490.6,0.2,96440.6,0.2
1768465620464,96491.75,0.2,96441.75,0.2
1768465620604,96491.85,0.2,96441.85,0.2
1768465621009,96491.5,0.2,96441.5,0.2
1768465621119,96492.0,0.2,96442.0,0.2
1768465621474,96492.1,0.2,96442.1,0.2
1768465623601,96492.0,0.2,96442.0,0.2
1768465624304,96491.5,0.2,96441.5,0.2
1768465624423,96492.1,0.2,96442.1,0.2
1768465624714,96491.5,0.2,96441.5,0.2
1768465624824,96492.0,0.2,96442.0,0.2
1768465625424,96493.5,0.2,96443.5,0.2
1768465625915,96492.5,0.2,96442.5,0.2
1768465626604,96493.6,0.2,96443.6,0.2
1768465626724,96494.0,0.2,96444.0,0.2
1768465627074,96493.75,0.2,96443.75,0.2
1768465627871,96493.25,0.2,96443.25,0.2
1768465628892,96494.5,0.2,96444.5,0.2
1768465628970,96495.5,0.2,96445.5,0.2
1768465629002,96496.25,0.2,96446.25,0.2
1768465629070,96495.15,0.2,96445.15,0.2
1768465629195,96494.8,0.2,96444.8,0.2
1768465629334,96495.0,0.2,96445.0,0.2
1768465629573,96495.1,0.2,96445.1,0.2
1768465630821,96494.25,0.2,96444.25,0.2
1768465630843,96492.85,0.2,96442.85,0.2
1768465630873,96492.1,0.2,96442.1,0.2
1768465630892,96490.5,0.2,96440.5,0.2
1768465630915,96488.8,0.2,96438.8,0.2
1768465630951,96487.95,0.2,96437.95,0.2
1768465630976,96485.9,0.2,96435.9,0.2
1768465630989,96485.0,0.2,96435.0,0.2
1768465631094,96485.4,0.2,96435.4,0.2
1768465631204,96486.1,0.2,96436.1,0.2
1768465631311,96485.35,0.2,96435.35,0.2
1768465631420,96485.0,0.2,96435.0,0.2
1768465631531,96484.9,0.2,96434.9,0.2
1768465631648,96484.35,0.2,96434.35,0.2
1768465632227,96484.1,0.2,96434.1,0.2
1768465632336,96484.25,0.2,96434.25,0.2
1768465632344,96482.1,0.2,96432.1,0.2
1768465632454,96482.2,0.2,96432.2,0.2
1768465632574,96482.65,0.2,96432.65,0.2
1768465632704,96482.4,0.2,96432.4,0.2
1768465632828,96483.0,0.2,96433.0,0.2
1768465632900,96482.15,0.2,96432.15,0.2
1768465632910,96482.9,0.2,96432.9,0.2
1768465633017,96483.0,0.2,96433.0,0.2
1768465633118,96483.4,0.2,96433.4,0.2
1768465633326,96482.65,0.2,96432.65,0.2
1768465633544,96482.75,0.2,96432.75,0.2
1768465633785,96482.65,0.2,96432.65,0.2
1768465634417,96482.15,0.2,96432.15,0.2
1768465634536,96480.9,0.2,96430.9,0.2
1768465634766,96481.0,0.2,96431.0,0.2
1768465635058,96483.9,0.2,96433.9,0.2
1768465635077,96482.5,0.2,96432.5,0.2
1768465635114,96481.5,0.2,96431.5,0.2
1768465635444,96481.0,0.2,96431.0,0.2
1768465635752,96481.65,0.2,96431.65,0.2
1768465636125,96482.75,0.2,96432.75,0.2
1768465636191,96481.65,0.2,96431.65,0.2
1768465636756,96481.25,0.2,96431.25,0.2
1768465636979,96481.65,0.2,96431.65,0.2
1768465637484,96481.5,0.2,96431.5,0.2
1768465637844,96481.4,0.2,96431.4,0.2
1768465638074,96481.75,0.2,96431.75,0.2
1768465638184,96481.25,0.2,96431.25,0.2
1768465638416,96481.5,0.2,96431.5,0.2
1768465638808,96481.4,0.2,96431.4,0.2
1768465639135,96481.75,0.2,96431.75,0.2
1768465639251,96482.75,0.2,96432.75,0.2
1768465639254,96483.85,0.2,96433.85,0.2
1768465639652,96482.6,0.2,96432.6,0.2
1768465639751,96483.85,0.2,96433.85,0.2
1768465640153,96482.85,0.2,96432.85,0.2
1768465640166,96483.85,0.2,96433.85,0.2
1768465640598,96484.85,0.2,96434.85,0.2
1768465640635,96486.4,0.2,96436.4,0.2
1768465640645,96488.5,0.2,96438.5,0.2
1768465640749,96488.2,0.2,96438.2,0.2
1768465640865,96487.85,0.2,96437.85,0.2
1768465640956,96486.95,0.2,96436.95,0.2
1768465641034,96488.7,0.2,96438.7,0.2
1768465641118,96490.3,0.2,96440.3,0.2
1768465641236,96490.7,0.2,96440.7,0.2
1768465641336,96489.8,0.2,96439.8,0.2
1768465641454,96489.7,0.2,96439.7,0.2
1768465641564,96489.8,0.2,96439.8,0.2
1768465641674,96489.55,0.2,96439.55,0.2
1768465642066,96490.7,0.2,96440.7,0.2
1768465642665,96490.55,0.2,96440.55,0.2
1768465644150,96491.3,0.2,96441.3,0.2
1768465644326,96490.55,0.2,96440.55,0.2
1768465644398,96491.35,0.2,96441.35,0.2
1768465644417,96492.6,0.2,96442.6,0.2
1768465644527,96492.85,0.2,96442.85,0.2
1768465645061,96492.1,0.2,96442.1,0.2
1768465645166,96492.2,0.2,96442.2,0.2
1768465650208,96493.7,0.2,96443.7,0.2
1768465650327,96493.35,0.2,96443.35,0.2
1768465650804,96492.2,0.2,96442.2,0.2
1768465651746,96492.1,0.2,96442.1,0.2
1768465651947,96490.6,0.2,96440.6,0.2
1768465652284,96490.1,0.2,96440.1,0.2
1768465652404,96490.2,0.2,96440.2,0.2
1768465652507,96490.35,0.2,96440.35,0.2
1768465656573,96490.45,0.2,96440.45,0.2
1768465656928,96490.35,0.2,96440.35,0.2
1768465658675,96490.6,0.2,96440.6,0.2
1768465666345,96489.8,0.2,96439.8,0.2
1768465667602,96489.3,0.2,96439.3,0.2
1768465667715,96488.8,0.2,96438.8,0.2
1768465667739,96487.4,0.2,96437.4,0.2
1768465667740,96485.5,0.2,96435.5,0.2
1768465667790,96484.4,0.2,96434.4,0.2
1768465667894,96483.95,0.2,96433.95,0.2
1768465667994,96482.95,0.2,96432.95,0.2
1768465668045,96484.05,0.2,96434.05,0.2
1768465668435,96482.8,0.2,96432.8,0.2
1768465668546,96482.5,0.2,96432.5,0.2
1768465668765,96482.1,0.2,96432.1,0.2
1768465669348,96481.95,0.2,96431.95,0.2
1768465669465,96482.1,0.2,96432.1,0.2
1768465669924,96482.2,0.2,96432.2,0.2
1768465670043,96482.35,0.2,96432.35,0.2
1768465670519,96482.2,0.2,96432.2,0.2
1768465670730,96481.45,0.2,96431.45,0.2
1768465670742,96479.2,0.2,96429.2,0.2
1768465670794,96480.2,0.2,96430.2,0.2
1768465670825,96479.5,0.2,96429.5,0.2
1768465670850,96480.65,0.2,96430.65,0.2
1768465670952,96480.35,0.2,96430.35,0.2
1768465671004,96479.75,0.2,96429.75,0.2
1768465671944,96479.6,0.2,96429.6,0.2
1768465674536,96479.75,0.2,96429.75,0.2
1768465674655,96480.35,0.2,96430.35,0.2
1768465674959,96481.1,0.2,96431.1,0.2
1768465675010,96480.1,0.2,96430.1,0.2
1768465675875,96481.0,0.2,96431.0,0.2
1768465676255,96480.1,0.2,96430.1,0.2
1768465677314,96481.6,0.2,96431.6,0.2
1768465677994,96481.1,0.2,96431.1,0.2
1768465678804,96480.85,0.2,96430.85,0.2
1768465679264,96480.75,0.2,96430.75,0.2
1768465679374,96480.45,0.2,96430.45,0.2
1768465679494,96479.75,0.2,96429.75,0.2
1768465679614,96480.45,0.2,96430.45,0.2
1768465679774,96480.5,0.2,96430.5,0.2
1768465679895,96479.75,0.2,96429.75,0.2
1768465680125,96479.85,0.2,96429.85,0.2
1768465680459,96479.75,0.2,96429.75,0.2
1768465680559,96479.35,0.2,96429.35,0.2
1768465680662,96478.75,0.2,96428.75,0.2
1768465680762,96477.15,0.2,96427.15,0.2
1768465680874,96477.55,0.2,96427.55,0.2
1768465680976,96477.6,0.2,96427.6,0.2
1768465681104,96477.65,0.2,96427.65,0.2
1768465681215,96477.3,0.2,96427.3,0.2
1768465681684,96477.45,0.2,96427.45,0.2
1768465682027,96477.3,0.2,96427.3,0.2
1768465682137,96477.45,0.2,96427.45,0.2
1768465682594,96477.3,0.2,96427.3,0.2
1768465682925,96477.2,0.2,96427.2,0.2
1768465683744,96476.95,0.2,96426.95,0.2
1768465683855,96477.05,0.2,96427.05,0.2
1768465686135,96476.55,0.2,96426.55,0.2
1768465686241,96476.95,0.2,96426.95,0.2
1768465686474,96476.75,0.2,96426.75,0.2
1768465686804,96476.65,0.2,96426.65,0.2
1768465687032,96476.75,0.2,96426.75,0.2
1768465687101,96475.25,0.2,96425.25,0.2
1768465687107,96474.0,0.2,96424.0,0.2
1768465687153,96472.75,0.2,96422.75,0.2
1768465687178,96471.65,0.2,96421.65,0.2
1768465687194,96469.15,0.2,96419.15,0.2
1768465687336,96472.1,0.2,96422.1,0.2
1768465687418,96469.3,0.2,96419.3,0.2
1768465687532,96468.55,0.2,96418.55,0.2
1768465687650,96466.95,0.2,96416.95,0.2
1768465687702,96465.95,0.2,96415.95,0.2
1768465687722,96467.2,0.2,96417.2,0.2
1768465687824,96467.7,0.2,96417.7,0.2
1768465688037,96466.95,0.2,96416.95,0.2
1768465688213,96468.45,0.2,96418.45,0.2
1768465688279,96467.45,0.2,96417.45,0.2
1768465688542,96468.45,0.2,96418.45,0.2
1768465688613,96467.2,0.2,96417.2,0.2
1768465689165,96465.8,0.2,96415.8,0.2
1768465689284,96465.7,0.2,96415.7,0.2
1768465689366,96464.7,0.2,96414.7,0.2
1768465689484,96464.5,0.2,96414.5,0.2
1768465689553,96462.9,0.2,96412.9,0.2
1768465689655,96462.8,0.2,96412.8,0.2
1768465690694,96462.75,0.2,96412.75,0.2
1768465693264,96462.85,0.2,96412.85,0.2
1768465693727,96462.7,0.2,96412.7,0.2
1768465694074,96462.85,0.2,96412.85,0.2
1768465694583,96463.95,0.2,96413.95,0.2
1768465694971,96462.7,0.2,96412.7,0.2
1768465695020,96461.7,0.2,96411.7,0.2
1768465695146,96462.2,0.2,96412.2,0.2
1768465695284,96461.85,0.2,96411.85,0.2
1768465696216,96460.9,0.2,96410.9,0.2
1768465696219,96459.9,0.2,96409.9,0.2
1768465696333,96459.95,0.2,96409.95,0.2
1768465696413,96458.15,0.2,96408.15,0.2
1768465696470,96460.2,0.2,96410.2,0.2
1768465696471,96459.05,0.2,96409.05,0.2
1768465696498,96456.45,0.2,96406.45,0.2
1768465696558,96455.8,0.2,96405.8,0.2
1768465696652,96454.9,0.2,96404.9,0.2
1768465697190,96454.8,0.2,96404.8,0.2
1768465697434,96454.65,0.2,96404.65,0.2
1768465697952,96455.65,0.2,96405.65,0.2
1768465698172,96454.9,0.2,96404.9,0.2
1768465698225,96454.0,0.2,96404.0,0.2
1768465698284,96452.85,0.2,96402.85,0.2
1768465698374,96451.25,0.2,96401.25,0.2
1768465698514,96451.15,0.2,96401.15,0.2
1768465698623,96450.7,0.2,96400.7,0.2
1768465698756,96450.15,0.2,96400.15,0.2
1768465698864,96450.5,0.2,96400.5,0.2
1768465698974,96451.35,0.2,96401.35,0.2
1768465699005,96452.95,0.2,96402.95,0.2
1768465699154,96453.4,0.2,96403.4,0.2
1768465699264,96450.9,0.2,96400.9,0.2
1768465699394,96450.8,0.2,96400.8,0.2
1768465699481,96449.05,0.2,96399.05,0.2
1768465699482,96452.9,0.2,96402.9,0.2
1768465699592,96453.4,0.2,96403.4,0.2
1768465700059,96452.9,0.2,96402.9,0.2
1768465700864,96453.4,0.2,96403.4,0.2
1768465701198,96449.05,0.2,96399.05,0.2
1768465701199,96451.15,0.2,96401.15,0.2
1768465701201,96451.9,0.2,96401.9,0.2
1768465701250,96453.05,0.2,96403.05,0.2
1768465701502,96452.3,0.2,96402.3,0.2
1768465702431,96452.65,0.2,96402.65,0.2
1768465702772,96452.9,0.2,96402.9,0.2
1768465702904,96453.4,0.2,96403.4,0.2
1768465703484,96452.9,0.2,96402.9,0.2
1768465704242,96453.4,0.2,96403.4,0.2
1768465704466,96453.05,0.2,96403.05,0.2
1768465704824,96452.65,0.2,96402.65,0.2
1768465705067,96452.3,0.2,96402.3,0.2
1768465705197,96451.65,0.2,96401.65,0.2
1768465705232,96450.4,0.2,96400.4,0.2
1768465705555,96452.05,0.2,96402.05,0.2
1768465705675,96450.65,0.2,96400.65,0.2
1768465706054,96450.4,0.2,96400.4,0.2
1768465706076,96451.55,0.2,96401.55,0.2
1768465706153,96448.45,0.2,96398.45,0.2
1768465706154,96447.2,0.2,96397.2,0.2
1768465706259,96446.95,0.2,96396.95,0.2
1768465706274,96443.1,0.2,96393.1,0.2
1768465706276,96441.65,0.2,96391.65,0.2
1768465706378,96440.95,0.2,96390.95,0.2
1768465706620,96440.85,0.2,96390.85,0.2
1768465706724,96440.7,0.2,96390.7,0.2
1768465706824,96439.2,0.2,96389.2,0.2
1768465707858,96437.85,0.2,96387.85,0.2
1768465707995,96437.35,0.2,96387.35,0.2
1768465708665,96436.6,0.2,96386.6,0.2
1768465708809,96436.35,0.2,96386.35,0.2
1768465709025,96436.45,0.2,96386.45,0.2
1768465709254,96436.7,0.2,96386.7,0.2
1768465709274,96438.35,0.2,96388.35,0.2
1768465709485,96437.95,0.2,96387.95,0.2
1768465709487,96436.6,0.2,96386.6,0.2
1768465710635,96436.45,0.2,96386.45,0.2
1768465710863,96436.6,0.2,96386.6,0.2
1768465711084,96436.3,0.2,96386.3,0.2
1768465711314,96436.2,0.2,96386.2,0.2
1768465711774,96436.3,0.2,96386.3,0.2
1768465712897,96437.55,0.2,96387.55,0.2
1768465713199,96436.05,0.2,96386.05,0.2
1768465713364,96435.0,0.2,96385.0,0.2
1768465713486,96434.6,0.2,96384.6,0.2
1768465713545,96435.15,0.2,96385.15,0.2
1768465713665,96434.9,0.2,96384.9,0.2
1768465713797,96435.1,0.2,96385.1,0.2
1768465713904,96434.95,0.2,96384.95,0.2
1768465714024,96435.2,0.2,96385.2,0.2
1768465714527,96435.3,0.2,96385.3,0.2
1768465714653,96435.0,0.2,96385.0,0.2
1768465714694,96433.9,0.2,96383.9,0.2
1768465714814,96432.25,0.2,96382.25,0.2
1768465714925,96432.5,0.2,96382.5,0.2
1768465715045,96432.65,0.2,96382.65,0.2
1768465715215,96434.45,0.2,96384.45,0.2
1768465715324,96434.15,0.2,96384.15,0.2
1768465715564,96434.3,0.2,96384.3,0.2
1768465715684,96433.8,0.2,96383.8,0.2
1768465717757,96434.15,0.2,96384.15,0.2
1768465717874,96433.9,0.2,96383.9,0.2
1768465717898,96434.9,0.2,96384.9,0.2
1768465718150,96434.65,0.2,96384.65,0.2
1768465718515,96434.8,0.2,96384.8,0.2
1768465718856,96434.65,0.2,96384.65,0.2
1768465720949,96434.8,0.2,96384.8,0.2
1768465721064,96434.9,0.2,96384.9,0.2
1768465721318,96434.15,0.2,96384.15,0.2
1768465721466,96434.65,0.2,96384.65,0.2
1768465722108,96434.05,0.2,96384.05,0.2
1768465722141,96434.65,0.2,96384.65,0.2
1768465722674,96434.8,0.2,96384.8,0.2
1768465722713,96434.15,0.2,96384.15,0.2
1768465722833,96434.9,0.2,96384.9,0.2
1768465724036,96434.65,0.2,96384.65,0.2
1768465724562,96436.05,0.2,96386.05,0.2
1768465724674,96435.9,0.2,96385.9,0.2
1768465726448,96434.15,0.2,96384.15,0.2
1768465726515,96435.4,0.2,96385.4,0.2
1768465726765,96435.3,0.2,96385.3,0.2
1768465726952,96436.05,0.2,96386.05,0.2
1768465727337,96435.65,0.2,96385.65,0.2
1768465728118,96435.4,0.2,96385.4,0.2
1768465728122,96434.15,0.2,96384.15,0.2
1768465728236,96433.65,0.2,96383.65,0.2
1768465728464,96433.8,0.2,96383.8,0.2
1768465728682,96433.65,0.2,96383.65,0.2
1768465728910,96433.4,0.2,96383.4,0.2
1768465729018,96433.05,0.2,96383.05,0.2
1768465729507,96432.9,0.2,96382.9,0.2
1768465730084,96433.05,0.2,96383.05,0.2
1768465730520,96432.9,0.2,96382.9,0.2
1768465730754,96433.05,0.2,96383.05,0.2
1768465730864,96433.15,0.2,96383.15,0.2
1768465731185,96432.9,0.2,96382.9,0.2
1768465731304,96432.8,0.2,96382.8,0.2
1768465732054,96432.9,0.2,96382.9,0.2
1768465733074,96432.65,0.2,96382.65,0.2
1768465733127,96431.2,0.2,96381.2,0.2
1768465733187,96430.15,0.2,96380.15,0.2
1768465733238,96431.05,0.2,96381.05,0.2
1768465733359,96431.0,0.2,96381.0,0.2
1768465733570,96431.15,0.2,96381.15,0.2
1768465733818,96431.3,0.2,96381.3,0.2
1768465733925,96431.05,0.2,96381.05,0.2
1768465734274,96430.9,0.2,96380.9,0.2
1768465734392,96431.05,0.2,96381.05,0.2
1768465734506,96431.15,0.2,96381.15,0.2
1768465735214,96430.65,0.2,96380.65,0.2
1768465735545,96431.4,0.2,96381.4,0.2
1768465735585,96432.15,0.2,96382.15,0.2
1768465735854,96431.65,0.2,96381.65,0.2
1768465735964,96431.4,0.2,96381.4,0.2
1768465735990,96430.65,0.2,96380.65,0.2
1768465736256,96430.9,0.2,96380.9,0.2
1768465736375,96430.65,0.2,96380.65,0.2
1768465736817,96430.55,0.2,96380.55,0.2
1768465736941,96430.2,0.2,96380.2,0.2
1768465737064,96430.35,0.2,96380.35,0.2
1768465737764,96430.6,0.2,96380.6,0.2
1768465738116,96430.35,0.2,96380.35,0.2
1768465739833,96431.6,0.2,96381.6,0.2
1768465740065,96431.45,0.2,96381.45,0.2
1768465740618,96436.35,0.2,96386.35,0.2
1768465740724,96439.0,0.2,96389.0,0.2
1768465740830,96437.2,0.2,96387.2,0.2
1768465740942,96437.1,0.2,96387.1,0.2
1768465741054,96437.6,0.2,96387.6,0.2
1768465741199,96437.7,0.2,96387.7,0.2
1768465741320,96438.1,0.2,96388.1,0.2
1768465741329,96436.75,0.2,96386.75,0.2
1768465741467,96436.85,0.2,96386.85,0.2
1768465741924,96436.45,0.2,96386.45,0.2
1768465742919,96435.95,0.2,96385.95,0.2
1768465743264,96435.75,0.2,96385.75,0.2
1768465743505,96435.5,0.2,96385.5,0.2
1768465743743,96435.1,0.2,96385.1,0.2
1768465744238,96434.25,0.2,96384.25,0.2
1768465744324,96431.3,0.2,96381.3,0.2
1768465744430,96430.7,0.2,96380.7,0.2
1768465744558,96431.35,0.2,96381.35,0.2
1768465744684,96430.7,0.2,96380.7,0.2
1768465745038,96430.2,0.2,96380.2,0.2
1768465745724,96430.1,0.2,96380.1,0.2
1768465746074,96429.85,0.2,96379.85,0.2
1768465746206,96429.05,0.2,96379.05,0.2
1768465746313,96429.4,0.2,96379.4,0.2
1768465746416,96428.9,0.2,96378.9,0.2
1768465747827,96428.3,0.2,96378.3,0.2
1768465747955,96428.65,0.2,96378.65,0.2
1768465749024,96428.55,0.2,96378.55,0.2
1768465749192,96427.4,0.2,96377.4,0.2
1768465749244,96426.45,0.2,96376.45,0.2
1768465749246,96425.55,0.2,96375.55,0.2
1768465749342,96424.3,0.2,96374.3,0.2
1768465749417,96422.4,0.2,96372.4,0.2
1768465749418,96421.6,0.2,96371.6,0.2
1768465749422,96422.6,0.2,96372.6,0.2
1768465749524,96423.25,0.2,96373.25,0.2
1768465749534,96422.3,0.2,96372.3,0.2
1768465749657,96422.7,0.2,96372.7,0.2
1768465750464,96422.55,0.2,96372.55,0.2
1768465751234,96422.7,0.2,96372.7,0.2
1768465752216,96423.2,0.2,96373.2,0.2
1768465752345,96422.3,0.2,96372.3,0.2
1768465752362,96421.3,0.2,96371.3,0.2
1768465752438,96421.95,0.2,96371.95,0.2
1768465752444,96421.15,0.2,96371.15,0.2
1768465752498,96422.0,0.2,96372.0,0.2
1768465752744,96421.65,0.2,96371.65,0.2
1768465753218,96421.75,0.2,96371.75,0.2
1768465753334,96421.25,0.2,96371.25,0.2
1768465753444,96421.0,0.2,96371.0,0.2
1768465753554,96420.5,0.2,96370.5,0.2
1768465754115,96420.0,0.2,96370.0,0.2
1768465754230,96419.9,0.2,96369.9,0.2
1768465754454,96419.75,0.2,96369.75,0.2
1768465754974,96419.15,0.2,96369.15,0.2
1768465755657,96419.5,0.2,96369.5,0.2
1768465756344,96420.0,0.2,96370.0,0.2
1768465756464,96419.5,0.2,96369.5,0.2
1768465756584,96419.65,0.2,96369.65,0.2
1768465758174,96420.15,0.2,96370.15,0.2
1768465758524,96419.75,0.2,96369.75,0.2
1768465758765,96419.25,0.2,96369.25,0.2
1768465759164,96419.15,0.2,96369.15,0.2
1768465759286,96419.4,0.2,96369.4,0.2
1768465759504,96419.25,0.2,96369.25,0.2
1768465759618,96419.0,0.2,96369.0,0.2
1768465759734,96419.25,0.2,96369.25,0.2
1768465760004,96419.0,0.2,96369.0,0.2
1768465760564,96418.65,0.2,96368.65,0.2
1768465760684,96419.0,0.2,96369.0,0.2
1768465761067,96418.65,0.2,96368.65,0.2
1768465761184,96418.9,0.2,96368.9,0.2
1768465761868,96419.0,0.2,96369.0,0.2
1768465763164,96418.9,0.2,96368.9,0.2
1768465763510,96419.0,0.2,96369.0,0.2
1768465763618,96418.9,0.2,96368.9,0.2
1768465763741,96418.75,0.2,96368.75,0.2
1768465764435,96418.65,0.2,96368.65,0.2
1768465764675,96418.5,0.2,96368.5,0.2
1768465765638,96417.0,0.2,96367.0,0.2
1768465765774,96417.15,0.2,96367.15,0.2
1768465765795,96418.0,0.2,96368.0,0.2
1768465765907,96417.5,0.2,96367.5,0.2
1768465766017,96417.0,0.2,96367.0,0.2
1768465766134,96416.65,0.2,96366.65,0.2
1768465766144,96417.4,0.2,96367.4,0.2
1768465766246,96417.65,0.2,96367.65,0.2
1768465767768,96417.0,0.2,96367.0,0.2
1768465768034,96416.75,0.2,96366.75,0.2
1768465768325,96415.4,0.2,96365.4,0.2
1768465768328,96413.15,0.2,96363.15,0.2
1768465768334,96409.05,0.2,96359.05,0.2
1768465768336,96407.35,0.2,96357.35,0.2
1768465768371,96404.1,0.2,96354.1,0.2
1768465768434,96399.35,0.2,96349.35,0.2
1768465768439,96395.85,0.2,96345.85,0.2
1768465768553,96397.75,0.2,96347.75,0.2
1768465768636,96395.95,0.2,96345.95,0.2
1768465768720,96393.55,0.2,96343.55,0.2
1768465768862,96391.65,0.2,96341.65,0.2
1768465768862,96389.05,0.2,96339.05,0.2
1768465768862,96391.05,0.2,96341.05,0.2
1768465768877,96389.65,0.2,96339.65,0.2
1768465768980,96389.25,0.2,96339.25,0.2
1768465769084,96388.9,0.2,96338.9,0.2
1768465769190,96387.65,0.2,96337.65,0.2
1768465769324,96388.15,0.2,96338.15,0.2
1768465769427,96387.25,0.2,96337.25,0.2
1768465769534,96386.35,0.2,96336.35,0.2
1768465769651,96386.85,0.2,96336.85,0.2
1768465769655,96383.1,0.2,96333.1,0.2
1768465769762,96383.2,0.2,96333.2,0.2
1768465770024,96383.25,0.2,96333.25,0.2
1768465770504,96382.6,0.2,96332.6,0.2
1768465770599,96381.35,0.2,96331.35,0.2
1768465770658,96383.95,0.2,96333.95,0.2
1768465770805,96383.45,0.2,96333.45,0.2
1768465771137,96382.1,0.2,96332.1,0.2
1768465771240,96381.7,0.2,96331.7,0.2
1768465771331,96382.45,0.2,96332.45,0.2
1768465771454,96382.2,0.2,96332.2,0.2
1768465771567,96381.85,0.2,96331.85,0.2
1768465771683,96381.95,0.2,96331.95,0.2
1768465772144,96382.6,0.2,96332.6,0.2
1768465772274,96382.95,0.2,96332.95,0.2
1768465772358,96384.6,0.2,96334.6,0.2
1768465772361,96386.35,0.2,96336.35,0.2
1768465772403,96388.3,0.2,96338.3,0.2
1768465772507,96386.95,0.2,96336.95,0.2
1768465772515,96385.95,0.2,96335.95,0.2
1768465772617,96386.2,0.2,96336.2,0.2
1768465772724,96386.1,0.2,96336.1,0.2
1768465772814,96384.6,0.2,96334.6,0.2
1768465773030,96385.6,0.2,96335.6,0.2
1768465773031,96386.85,0.2,96336.85,0.2
1768465773037,96385.6,0.2,96335.6,0.2
1768465773098,96386.85,0.2,96336.85,0.2
1768465773997,96386.1,0.2,96336.1,0.2
