timestamp,ask,ask_size,bid,bid_size
1768465014232,3324.63,6.0,3322.88,6.0
1768465014446,3324.78,6.0,3323.03,6.0
1768465014531,3324.65,6.0,3322.9,6.0
1768465015082,3324.63,6.0,3322.88,6.0
1768465015221,3324.76,6.0,3323.01,6.0
1768465015325,3324.71,6.0,3322.96,6.0
1768465015729,3324.65,6.0,3322.9,6.0
1768465016515,3324.63,6.0,3322.88,6.0
1768465016626,3324.6,6.0,3322.85,6.0
1768465020143,3324.72,6.0,3322.97,6.0
1768465020350,3324.79,6.0,3323.04,6.0
1768465020455,3324.92,6.0,3323.17,6.0
1768465020569,3324.96,6.0,3323.21,6.0
1768465020627,3324.83,6.0,3323.08,6.0
1768465021096,3324.78,6.0,3323.03,6.0
1768465021449,3324.73,6.0,3322.98,6.0
1768465021553,3324.62,6.0,3322.87,6.0
1768465021656,3324.68,6.0,3322.93,6.0
1768465021765,3324.6,6.0,3322.85,6.0
1768465022017,3324.47,6.0,3322.72,6.0
1768465022128,3324.5,6.0,3322.75,6.0
1768465022366,3324.52,6.0,3322.77,6.0
1768465022440,3324.38,6.0,3322.63,6.0
1768465022554,3324.4,6.0,3322.65,6.0
1768465022665,3324.39,6.0,3322.64,6.0
1768465022785,3324.34,6.0,3322.59,6.0
1768465022895,3324.39,6.0,3322.64,6.0
1768465023015,3324.52,6.0,3322.77,6.0
1768465023249,3324.56,6.0,3322.81,6.0
1768465023356,3324.58,6.0,3322.83,6.0
1768465023694,3324.53,6.0,3322.78,6.0
1768465023806,3324.52,6.0,3322.77,6.0
1768465023945,3324.54,6.0,3322.79,6.0
1768465024445,3324.59,6.0,3322.84,6.0
1768465024565,3324.58,6.0,3322.83,6.0
1768465024964,3324.55,6.0,3322.8,6.0
1768465025341,3324.54,6.0,3322.79,6.0
1768465025875,3324.59,6.0,3322.84,6.0
1768465026111,3324.56,6.0,3322.81,6.0
1768465026329,3324.54,6.0,3322.79,6.0
1768465027440,3324.51,6.0,3322.76,6.0
1768465027670,3324.48,6.0,3322.73,6.0
1768465027775,3324.4,6.0,3322.65,6.0
1768465027881,3324.35,6.0,3322.6,6.0
1768465027990,3324.21,6.0,3322.46,6.0
1768465028135,3324.12,6.0,3322.37,6.0
1768465028255,3324.2,6.0,3322.45,6.0
1768465028356,3324.09,6.0,3322.34,6.0
1768465028434,3323.95,6.0,3322.2,6.0
1768465028784,3323.87,6.0,3322.12,6.0
1768465028905,3323.9,6.0,3322.15,6.0
1768465029015,3323.95,6.0,3322.2,6.0
1768465029245,3323.92,6.0,3322.17,6.0
1768465029471,3323.98,6.0,3322.23,6.0
1768465029584,3323.95,6.0,3322.2,6.0
1768465029692,3323.89,6.0,3322.14,6.0
1768465030147,3323.91,6.0,3322.16,6.0
1768465030888,3323.87,6.0,3322.12,6.0
1768465031268,3323.9,6.0,3322.15,6.0
1768465031596,3323.87,6.0,3322.12,6.0
1768465031715,3323.9,6.0,3322.15,6.0
1768465031825,3323.93,6.0,3322.18,6.0
1768465032048,3323.96,6.0,3322.21,6.0
1768465032165,3323.93,6.0,3322.18,6.0
1768465032735,3323.91,6.0,3322.16,6.0
1768465033125,3323.87,6.0,3322.12,6.0
1768465033468,3323.77,6.0,3322.02,6.0
1768465033584,3323.72,6.0,3321.97,6.0
1768465033690,3323.81,6.0,3322.06,6.0
1768465033746,3323.91,6.0,3322.16,6.0
1768465033885,3323.85,6.0,3322.1,6.0
1768465034537,3323.92,6.0,3322.17,6.0
1768465034788,3323.88,6.0,3322.13,6.0
1768465034890,3323.85,6.0,3322.1,6.0
1768465035147,3323.78,6.0,3322.03,6.0
1768465035535,3323.85,6.0,3322.1,6.0
1768465036193,3323.79,6.0,3322.04,6.0
1768465036634,3323.88,6.0,3322.13,6.0
1768465036847,3323.85,6.0,3322.1,6.0
1768465036954,3323.92,6.0,3322.17,6.0
1768465037084,3323.89,6.0,3322.14,6.0
1768465037314,3323.9,6.0,3322.15,6.0
1768465037430,3323.96,6.0,3322.21,6.0
1768465037535,3323.99,6.0,3322.24,6.0
1768465037764,3324.0,6.0,3322.25,6.0
1768465038115,3323.99,6.0,3322.24,6.0
1768465038234,3323.98,6.0,3322.23,6.0
1768465038685,3324.01,6.0,3322.26,6.0
1768465038925,3323.98,6.0,3322.23,6.0
1768465039645,3323.97,6.0,3322.22,6.0
1768465039749,3324.0,6.0,3322.25,6.0
1768465039852,3324.07,6.0,3322.32,6.0
1768465040057,3324.08,6.0,3322.33,6.0
1768465040166,3324.07,6.0,3322.32,6.0
1768465040272,3324.03,6.0,3322.28,6.0
1768465040636,3324.01,6.0,3322.26,6.0
1768465040748,3323.91,6.0,3322.16,6.0
1768465040835,3323.74,6.0,3321.99,6.0
1768465040900,3323.89,6.0,3322.14,6.0
1768465041129,3323.79,6.0,3322.04,6.0
1768465041970,3323.8,6.0,3322.05,6.0
1768465042218,3323.77,6.0,3322.02,6.0
1768465042336,3323.74,6.0,3321.99,6.0
1768465042489,3323.75,6.0,3322.0,6.0
1768465042605,3323.76,6.0,3322.01,6.0
1768465042690,3323.87,6.0,3322.12,6.0
1768465042834,3323.81,6.0,3322.06,6.0
1768465042943,3323.75,6.0,3322.0,6.0
1768465043074,3323.8,6.0,3322.05,6.0
1768465044164,3323.76,6.0,3322.01,6.0
1768465044390,3323.78,6.0,3322.03,6.0
1768465044975,3323.81,6.0,3322.06,6.0
1768465045095,3323.8,6.0,3322.05,6.0
1768465045428,3323.79,6.0,3322.04,6.0
1768465046088,3323.76,6.0,3322.01,6.0
1768465046630,3323.83,6.0,3322.08,6.0
1768465046994,3323.79,6.0,3322.04,6.0
1768465047108,3323.83,6.0,3322.08,6.0
1768465047316,3323.99,6.0,3322.24,6.0
1768465047425,3323.96,6.0,3322.21,6.0
1768465047585,3323.93,6.0,3322.18,6.0
1768465047925,3323.92,6.0,3322.17,6.0
1768465048031,3323.91,6.0,3322.16,6.0
1768465048155,3323.89,6.0,3322.14,6.0
1768465048265,3323.88,6.0,3322.13,6.0
1768465048380,3323.97,6.0,3322.22,6.0
1768465048664,3323.92,6.0,3322.17,6.0
1768465048782,3323.88,6.0,3322.13,6.0
1768465049117,3323.87,6.0,3322.12,6.0
1768465049244,3323.8,6.0,3322.05,6.0
1768465049515,3323.87,6.0,3322.12,6.0
1768465049727,3323.91,6.0,3322.16,6.0
1768465049855,3323.83,6.0,3322.08,6.0
1768465051758,3323.91,6.0,3322.16,6.0
1768465051865,3323.88,6.0,3322.13,6.0
1768465052077,3323.9,6.0,3322.15,6.0
1768465052190,3323.93,6.0,3322.18,6.0
1768465052303,3324.0,6.0,3322.25,6.0
1768465052424,3323.98,6.0,3322.23,6.0
1768465052544,3323.99,6.0,3322.24,6.0
1768465052647,3323.95,6.0,3322.2,6.0
1768465052864,3324.02,6.0,3322.27,6.0
1768465053009,3323.98,6.0,3322.23,6.0
1768465053345,3324.01,6.0,3322.26,6.0
1768465053855,3323.98,6.0,3322.23,6.0
1768465055105,3324.07,6.0,3322.32,6.0
1768465055217,3324.03,6.0,3322.28,6.0
1768465055505,3323.99,6.0,3322.24,6.0
1768465055831,3324.03,6.0,3322.28,6.0
1768465056066,3324.07,6.0,3322.32,6.0
1768465056174,3324.04,6.0,3322.29,6.0
1768465056307,3324.09,6.0,3322.34,6.0
1768465056535,3324.05,6.0,3322.3,6.0
1768465056715,3324.08,6.0,3322.33,6.0
1768465056928,3324.09,6.0,3322.34,6.0
1768465057044,3324.06,6.0,3322.31,6.0
1768465057154,3324.07,6.0,3322.32,6.0
1768465057265,3324.06,6.0,3322.31,6.0
1768465057374,3324.11,6.0,3322.36,6.0
1768465057702,3324.07,6.0,3322.32,6.0
1768465063105,3324.06,6.0,3322.31,6.0
1768465063699,3324.15,6.0,3322.4,6.0
1768465063808,3324.11,6.0,3322.36,6.0
1768465064046,3324.07,6.0,3322.32,6.0
1768465064317,3324.15,6.0,3322.4,6.0
1768465064445,3324.14,6.0,3322.39,6.0
1768465064674,3324.11,6.0,3322.36,6.0
1768465064894,3324.18,6.0,3322.43,6.0
1768465065017,3324.16,6.0,3322.41,6.0
1768465065118,3324.13,6.0,3322.38,6.0
1768465067933,3324.17,6.0,3322.42,6.0
1768465068070,3324.14,6.0,3322.39,6.0
1768465069427,3324.12,6.0,3322.37,6.0
1768465070688,3324.09,6.0,3322.34,6.0
1768465070945,3324.1,6.0,3322.35,6.0
1768465071305,3324.19,6.0,3322.44,6.0
1768465071409,3324.16,6.0,3322.41,6.0
1768465071665,3324.12,6.0,3322.37,6.0
1768465072373,3324.19,6.0,3322.44,6.0
1768465072590,3324.13,6.0,3322.38,6.0
1768465073345,3324.11,6.0,3322.36,6.0
1768465073454,3324.15,6.0,3322.4,6.0
1768465073569,3324.16,6.0,3322.41,6.0
1768465073795,3324.19,6.0,3322.44,6.0
1768465074015,3324.12,6.0,3322.37,6.0
1768465074484,3324.1,6.0,3322.35,6.0
1768465074595,3324.14,6.0,3322.39,6.0
1768465074714,3324.15,6.0,3322.4,6.0
1768465074827,3324.11,6.0,3322.36,6.0
1768465075190,3324.1,6.0,3322.35,6.0
1768465075646,3324.19,6.0,3322.44,6.0
1768465075865,3324.1,6.0,3322.35,6.0
1768465076385,3324.19,6.0,3322.44,6.0
1768465076542,3324.16,6.0,3322.41,6.0
1768465076885,3324.12,6.0,3322.37,6.0
1768465077585,3324.19,6.0,3322.44,6.0
1768465077925,3324.12,6.0,3322.37,6.0
1768465079251,3324.1,6.0,3322.35,6.0
1768465080096,3324.19,6.0,3322.44,6.0
1768465080324,3324.12,6.0,3322.37,6.0
1768465081176,3324.1,6.0,3322.35,6.0
1768465081745,3324.19,6.0,3322.44,6.0
1768465081871,3324.12,6.0,3322.37,6.0
1768465081985,3324.16,6.0,3322.41,6.0
1768465082204,3324.13,6.0,3322.38,6.0
1768465082801,3324.11,6.0,3322.36,6.0
1768465083136,3324.12,6.0,3322.37,6.0
1768465083367,3324.17,6.0,3322.42,6.0
1768465083491,3324.09,6.0,3322.34,6.0
1768465084110,3324.1,6.0,3322.35,6.0
1768465084212,3324.06,6.0,3322.31,6.0
1768465084314,3324.07,6.0,3322.32,6.0
1768465084545,3324.1,6.0,3322.35,6.0
1768465085339,3324.19,6.0,3322.44,6.0
1768465085574,3324.1,6.0,3322.35,6.0
1768465085685,3324.09,6.0,3322.34,6.0
1768465085793,3324.07,6.0,3322.32,6.0
1768465085895,3324.12,6.0,3322.37,6.0
1768465086006,3324.07,6.0,3322.32,6.0
1768465086190,3324.08,6.0,3322.33,6.0
1768465086256,3324.18,6.0,3322.43,6.0
1768465086467,3324.08,6.0,3322.33,6.0
1768465086597,3324.13,6.0,3322.38,6.0
1768465086699,3324.11,6.0,3322.36,6.0
1768465086824,3324.09,6.0,3322.34,6.0
1768465087046,3324.08,6.0,3322.33,6.0
1768465088393,3324.17,6.0,3322.42,6.0
1768465088530,3324.13,6.0,3322.38,6.0
1768465088791,3324.08,6.0,3322.33,6.0
1768465088800,3324.17,6.0,3322.42,6.0
1768465088902,3324.13,6.0,3322.38,6.0
1768465089496,3324.08,6.0,3322.33,6.0
1768465089605,3324.17,6.0,3322.42,6.0
1768465089815,3324.08,6.0,3322.33,6.0
1768465090490,3324.03,6.0,3322.28,6.0
1768465090725,3324.07,6.0,3322.32,6.0
1768465091281,3324.18,6.0,3322.43,6.0
1768465091395,3324.19,6.0,3322.44,6.0
1768465091505,3324.11,6.0,3322.36,6.0
1768465091947,3324.15,6.0,3322.4,6.0
1768465092177,3324.17,6.0,3322.42,6.0
1768465092393,3324.22,6.0,3322.47,6.0
1768465092495,3324.23,6.0,3322.48,6.0
1768465092734,3324.2,6.0,3322.45,6.0
1768465093459,3324.3,6.0,3322.55,6.0
1768465093567,3324.29,6.0,3322.54,6.0
1768465093687,3324.23,6.0,3322.48,6.0
1768465093747,3324.34,6.0,3322.59,6.0
1768465093884,3324.33,6.0,3322.58,6.0
1768465093985,3324.43,6.0,3322.68,6.0
1768465093995,3324.54,6.0,3322.79,6.0
1768465094098,3324.65,6.0,3322.9,6.0
1768465094218,3324.66,6.0,3322.91,6.0
1768465094457,3324.64,6.0,3322.89,6.0
1768465094561,3324.65,6.0,3322.9,6.0
1768465094754,3324.53,6.0,3322.78,6.0
1768465094863,3324.59,6.0,3322.84,6.0
1768465095147,3324.51,6.0,3322.76,6.0
1768465095798,3324.65,6.0,3322.9,6.0
1768465096085,3324.52,6.0,3322.77,6.0
1768465096836,3324.65,6.0,3322.9,6.0
1768465097045,3324.59,6.0,3322.84,6.0
1768465097169,3324.53,6.0,3322.78,6.0
1768465098085,3324.5,6.0,3322.75,6.0
1768465098199,3324.58,6.0,3322.83,6.0
1768465098315,3324.59,6.0,3322.84,6.0
1768465098654,3324.51,6.0,3322.76,6.0
1768465098819,3324.65,6.0,3322.9,6.0
1768465098965,3324.59,6.0,3322.84,6.0
1768465099116,3324.52,6.0,3322.77,6.0
1768465099237,3324.5,6.0,3322.75,6.0
1768465099354,3324.49,6.0,3322.74,6.0
1768465099466,3324.57,6.0,3322.82,6.0
1768465099568,3324.59,6.0,3322.84,6.0
1768465100294,3324.53,6.0,3322.78,6.0
1768465101985,3324.59,6.0,3322.84,6.0
1768465102218,3324.65,6.0,3322.9,6.0
1768465102430,3324.5,6.0,3322.75,6.0
1768465106721,3324.65,6.0,3322.9,6.0
1768465106844,3324.59,6.0,3322.84,6.0
1768465107206,3324.52,6.0,3322.77,6.0
1768465107349,3324.51,6.0,3322.76,6.0
1768465107467,3324.59,6.0,3322.84,6.0
1768465107574,3324.53,6.0,3322.78,6.0
1768465107811,3324.59,6.0,3322.84,6.0
1768465108280,3324.51,6.0,3322.76,6.0
1768465108793,3324.65,6.0,3322.9,6.0
1768465108937,3324.68,6.0,3322.93,6.0
1768465109062,3324.79,6.0,3323.04,6.0
1768465109178,3324.83,6.0,3323.08,6.0
1768465109296,3324.78,6.0,3323.03,6.0
1768465110075,3324.79,6.0,3323.04,6.0
1768465110286,3324.86,6.0,3323.11,6.0
1768465110393,3324.88,6.0,3323.13,6.0
1768465110495,3324.81,6.0,3323.06,6.0
1768465110611,3324.85,6.0,3323.1,6.0
1768465110724,3324.88,6.0,3323.13,6.0
1768465110993,3324.87,6.0,3323.12,6.0
1768465111105,3324.8,6.0,3323.05,6.0
1768465111594,3324.71,6.0,3322.96,6.0
1768465111720,3324.63,6.0,3322.88,6.0
1768465111826,3324.6,6.0,3322.85,6.0
1768465112047,3324.54,6.0,3322.79,6.0
1768465112173,3324.5,6.0,3322.75,6.0
1768465112294,3324.49,6.0,3322.74,6.0
1768465112407,3324.52,6.0,3322.77,6.0
1768465112847,3324.59,6.0,3322.84,6.0
1768465113085,3324.54,6.0,3322.79,6.0
1768465113594,3324.52,6.0,3322.77,6.0
1768465114061,3324.58,6.0,3322.83,6.0
1768465114289,3324.6,6.0,3322.85,6.0
1768465115068,3324.58,6.0,3322.83,6.0
1768465115225,3324.56,6.0,3322.81,6.0
1768465115334,3324.54,6.0,3322.79,6.0
1768465116244,3324.47,6.0,3322.72,6.0
1768465116343,3324.31,6.0,3322.56,6.0
1768465116447,3324.33,6.0,3322.58,6.0
1768465116595,3324.22,6.0,3322.47,6.0
1768465117195,3324.24,6.0,3322.49,6.0
1768465117297,3324.3,6.0,3322.55,6.0
1768465117535,3324.25,6.0,3322.5,6.0
1768465118432,3324.28,6.0,3322.53,6.0
1768465118675,3324.27,6.0,3322.52,6.0
1768465119015,3324.23,6.0,3322.48,6.0
1768465119375,3324.22,6.0,3322.47,6.0
1768465119675,3324.18,6.0,3322.43,6.0
1768465119907,3324.25,6.0,3322.5,6.0
1768465120287,3324.21,6.0,3322.46,6.0
1768465120435,3324.22,6.0,3322.47,6.0
1768465120800,3324.19,6.0,3322.44,6.0
1768465121685,3324.22,6.0,3322.47,6.0
1768465121803,3324.23,6.0,3322.48,6.0
1768465121924,3324.26,6.0,3322.51,6.0
1768465122174,3324.23,6.0,3322.48,6.0
1768465122884,3324.25,6.0,3322.5,6.0
1768465123125,3324.22,6.0,3322.47,6.0
1768465123234,3324.25,6.0,3322.5,6.0
1768465123849,3324.22,6.0,3322.47,6.0
1768465123974,3324.19,6.0,3322.44,6.0
1768465124250,3324.15,6.0,3322.4,6.0
1768465124665,3324.19,6.0,3322.44,6.0
1768465124771,3324.15,6.0,3322.4,6.0
1768465124875,3324.18,6.0,3322.43,6.0
1768465125015,3324.21,6.0,3322.46,6.0
1768465125256,3324.22,6.0,3322.47,6.0
1768465125774,3324.26,6.0,3322.51,6.0
1768465125934,3324.25,6.0,3322.5,6.0
1768465126097,3324.22,6.0,3322.47,6.0
1768465126503,3324.26,6.0,3322.51,6.0
1768465126845,3324.24,6.0,3322.49,6.0
1768465129326,3324.19,6.0,3322.44,6.0
1768465129564,3324.2,6.0,3322.45,6.0
1768465130345,3324.22,6.0,3322.47,6.0
1768465132985,3324.25,6.0,3322.5,6.0
1768465133224,3324.2,6.0,3322.45,6.0
1768465133990,3324.24,6.0,3322.49,6.0
1768465134368,3324.2,6.0,3322.45,6.0
1768465134489,3324.19,6.0,3322.44,6.0
1768465134966,3324.22,6.0,3322.47,6.0
1768465135306,3324.19,6.0,3322.44,6.0
1768465135425,3324.13,6.0,3322.38,6.0
1768465135545,3324.12,6.0,3322.37,6.0
1768465135762,3324.15,6.0,3322.4,6.0
1768465136125,3324.2,6.0,3322.45,6.0
1768465136235,3324.17,6.0,3322.42,6.0
1768465136344,3324.16,6.0,3322.41,6.0
1768465136708,3324.17,6.0,3322.42,6.0
1768465137437,3324.13,6.0,3322.38,6.0
1768465137559,3324.14,6.0,3322.39,6.0
1768465137666,3324.15,6.0,3322.4,6.0
1768465138705,3324.17,6.0,3322.42,6.0
1768465139490,3324.13,6.0,3322.38,6.0
1768465139594,3324.15,6.0,3322.4,6.0
1768465139706,3324.14,6.0,3322.39,6.0
1768465140105,3324.17,6.0,3322.42,6.0
1768465140315,3324.24,6.0,3322.49,6.0
1768465140426,3324.23,6.0,3322.48,6.0
1768465140575,3324.19,6.0,3322.44,6.0
1768465140691,3324.21,6.0,3322.46,6.0
1768465140924,3324.18,6.0,3322.43,6.0
1768465141264,3324.22,6.0,3322.47,6.0
1768465141727,3324.2,6.0,3322.45,6.0
1768465142168,3324.17,6.0,3322.42,6.0
1768465142391,3324.18,6.0,3322.43,6.0
1768465142795,3324.21,6.0,3322.46,6.0
1768465142897,3324.16,6.0,3322.41,6.0
1768465142999,3324.15,6.0,3322.4,6.0
1768465143414,3324.2,6.0,3322.45,6.0
1768465147646,3324.19,6.0,3322.44,6.0
1768465148756,3324.16,6.0,3322.41,6.0
1768465150105,3324.17,6.0,3322.42,6.0
1768465151787,3324.18,6.0,3322.43,6.0
1768465151916,3324.2,6.0,3322.45,6.0
1768465152895,3324.17,6.0,3322.42,6.0
1768465153015,3324.18,6.0,3322.43,6.0
1768465154879,3324.17,6.0,3322.42,6.0
1768465154991,3324.16,6.0,3322.41,6.0
1768465155255,3324.18,6.0,3322.43,6.0
1768465155359,3324.21,6.0,3322.46,6.0
1768465155667,3324.24,6.0,3322.49,6.0
1768465155789,3324.16,6.0,3322.41,6.0
1768465155891,3324.06,6.0,3322.31,6.0
1768465155995,3324.11,6.0,3322.36,6.0
1768465156107,3324.15,6.0,3322.4,6.0
1768465156274,3324.12,6.0,3322.37,6.0
1768465156385,3324.14,6.0,3322.39,6.0
1768465156810,3324.11,6.0,3322.36,6.0
1768465156915,3324.12,6.0,3322.37,6.0
1768465157128,3324.15,6.0,3322.4,6.0
1768465157374,3324.19,6.0,3322.44,6.0
1768465157545,3324.14,6.0,3322.39,6.0
1768465158445,3324.11,6.0,3322.36,6.0
1768465159315,3324.19,6.0,3322.44,6.0
1768465159624,3324.11,6.0,3322.36,6.0
1768465160225,3324.19,6.0,3322.44,6.0
1768465160334,3324.16,6.0,3322.41,6.0
1768465160589,3324.11,6.0,3322.36,6.0
1768465160974,3324.07,6.0,3322.32,6.0
1768465161245,3324.08,6.0,3322.33,6.0
1768465161361,3324.11,6.0,3322.36,6.0
1768465166385,3324.02,6.0,3322.27,6.0
1768465166506,3324.04,6.0,3322.29,6.0
1768465166614,3324.1,6.0,3322.35,6.0
1768465167134,3324.08,6.0,3322.33,6.0
1768465167254,3324.03,6.0,3322.28,6.0
1768465167487,3324.05,6.0,3322.3,6.0
1768465167615,3324.04,6.0,3322.29,6.0
1768465167995,3324.14,6.0,3322.39,6.0
1768465168200,3323.97,6.0,3322.22,6.0
1768465168344,3323.9,6.0,3322.15,6.0
1768465168565,3323.96,6.0,3322.21,6.0
1768465168795,3323.97,6.0,3322.22,6.0
1768465169017,3323.93,6.0,3322.18,6.0
1768465169244,3323.9,6.0,3322.15,6.0
1768465169499,3323.91,6.0,3322.16,6.0
1768465169611,3323.9,6.0,3322.15,6.0
1768465170278,3323.83,6.0,3322.08,6.0
1768465170413,3323.79,6.0,3322.04,6.0
1768465170550,3323.67,6.0,3321.92,6.0
1768465170651,3323.58,6.0,3321.83,6.0
1768465170765,3323.57,6.0,3321.82,6.0
1768465170867,3323.62,6.0,3321.87,6.0
1768465171106,3323.6,6.0,3321.85,6.0
1768465171342,3323.59,6.0,3321.84,6.0
1768465171476,3323.55,6.0,3321.8,6.0
1768465172064,3323.6,6.0,3321.85,6.0
1768465172275,3323.56,6.0,3321.81,6.0
1768465173179,3323.49,6.0,3321.74,6.0
1768465173255,3323.32,6.0,3321.57,6.0
1768465173361,3323.3,6.0,3321.55,6.0
1768465173467,3323.31,6.0,3321.56,6.0
1768465173591,3323.46,6.0,3321.71,6.0
1768465173715,3323.53,6.0,3321.78,6.0
1768465173839,3323.5,6.0,3321.75,6.0
1768465173954,3323.51,6.0,3321.76,6.0
1768465174088,3323.53,6.0,3321.78,6.0
1768465174190,3323.55,6.0,3321.8,6.0
1768465174310,3323.54,6.0,3321.79,6.0
1768465174434,3323.52,6.0,3321.77,6.0
1768465174575,3323.57,6.0,3321.82,6.0
1768465174808,3323.52,6.0,3321.77,6.0
1768465175025,3323.41,6.0,3321.66,6.0
1768465176041,3323.49,6.0,3321.74,6.0
1768465176148,3323.46,6.0,3321.71,6.0
1768465176712,3323.49,6.0,3321.74,6.0
1768465176832,3323.47,6.0,3321.72,6.0
1768465177237,3323.44,6.0,3321.69,6.0
1768465177355,3323.43,6.0,3321.68,6.0
1768465177475,3323.41,6.0,3321.66,6.0
1768465177985,3323.36,6.0,3321.61,6.0
1768465178087,3323.37,6.0,3321.62,6.0
1768465178327,3323.4,6.0,3321.65,6.0
1768465178897,3323.44,6.0,3321.69,6.0
1768465179004,3323.43,6.0,3321.68,6.0
1768465179365,3323.41,6.0,3321.66,6.0
1768465179473,3323.44,6.0,3321.69,6.0
1768465179719,3323.41,6.0,3321.66,6.0
1768465180534,3323.38,6.0,3321.63,6.0
1768465180987,3323.41,6.0,3321.66,6.0
1768465181114,3323.46,6.0,3321.71,6.0
1768465181415,3323.41,6.0,3321.66,6.0
1768465182606,3323.49,6.0,3321.74,6.0
1768465182722,3323.47,6.0,3321.72,6.0
1768465182835,3323.53,6.0,3321.78,6.0
1768465182936,3323.54,6.0,3321.79,6.0
1768465183066,3323.55,6.0,3321.8,6.0
1768465183193,3323.56,6.0,3321.81,6.0
1768465183411,3323.57,6.0,3321.82,6.0
1768465183514,3323.67,6.0,3321.92,6.0
1768465183622,3323.68,6.0,3321.93,6.0
1768465183744,3323.66,6.0,3321.91,6.0
1768465183980,3323.72,6.0,3321.97,6.0
1768465184066,3323.9,6.0,3322.15,6.0
1768465184172,3323.96,6.0,3322.21,6.0
1768465184295,3323.88,6.0,3322.13,6.0
1768465184410,3323.84,6.0,3322.09,6.0
1768465185225,3323.82,6.0,3322.07,6.0
1768465185332,3323.94,6.0,3322.19,6.0
1768465185452,3323.88,6.0,3322.13,6.0
1768465185684,3323.84,6.0,3322.09,6.0
1768465186975,3323.82,6.0,3322.07,6.0
1768465187291,3323.94,6.0,3322.19,6.0
1768465187776,3323.83,6.0,3322.08,6.0
1768465191145,3323.82,6.0,3322.07,6.0
1768465191415,3323.81,6.0,3322.06,6.0
1768465192147,3323.78,6.0,3322.03,6.0
1768465192267,3323.69,6.0,3321.94,6.0
1768465192385,3323.68,6.0,3321.93,6.0
1768465192667,3323.83,6.0,3322.08,6.0
1768465192905,3323.73,6.0,3321.98,6.0
1768465193014,3323.65,6.0,3321.9,6.0
1768465193136,3323.64,6.0,3321.89,6.0
1768465193255,3323.65,6.0,3321.9,6.0
1768465193358,3323.62,6.0,3321.87,6.0
1768465193484,3323.58,6.0,3321.83,6.0
1768465193587,3323.57,6.0,3321.82,6.0
1768465193944,3323.55,6.0,3321.8,6.0
1768465194176,3323.63,6.0,3321.88,6.0
1768465194294,3323.64,6.0,3321.89,6.0
1768465194397,3323.61,6.0,3321.86,6.0
1768465194518,3323.56,6.0,3321.81,6.0
1768465194858,3323.65,6.0,3321.9,6.0
1768465195077,3323.72,6.0,3321.97,6.0
1768465195207,3323.63,6.0,3321.88,6.0
1768465195470,3323.73,6.0,3321.98,6.0
1768465195576,3323.74,6.0,3321.99,6.0
1768465195682,3323.71,6.0,3321.96,6.0
1768465195915,3323.65,6.0,3321.9,6.0
1768465196027,3323.64,6.0,3321.89,6.0
1768465196131,3323.7,6.0,3321.95,6.0
1768465196157,3323.96,6.0,3322.21,6.0
1768465196310,3323.98,6.0,3322.23,6.0
1768465196473,3324.11,6.0,3322.36,6.0
1768465196616,3324.13,6.0,3322.38,6.0
1768465196739,3324.17,6.0,3322.42,6.0
1768465197255,3324.22,6.0,3322.47,6.0
1768465197374,3324.27,6.0,3322.52,6.0
1768465197887,3324.37,6.0,3322.62,6.0
1768465198102,3324.45,6.0,3322.7,6.0
1768465198206,3324.41,6.0,3322.66,6.0
1768465198425,3324.48,6.0,3322.73,6.0
1768465198664,3324.46,6.0,3322.71,6.0
1768465199115,3324.41,6.0,3322.66,6.0
1768465199235,3324.4,6.0,3322.65,6.0
1768465199355,3324.42,6.0,3322.67,6.0
1768465200146,3324.23,6.0,3322.48,6.0
1768465200265,3324.28,6.0,3322.53,6.0
1768465200320,3324.39,6.0,3322.64,6.0
1768465200436,3324.35,6.0,3322.6,6.0
1768465200675,3324.34,6.0,3322.59,6.0
1768465200790,3324.33,6.0,3322.58,6.0
1768465200900,3324.32,6.0,3322.57,6.0
1768465201035,3324.31,6.0,3322.56,6.0
1768465201149,3324.34,6.0,3322.59,6.0
1768465201275,3324.36,6.0,3322.61,6.0
1768465201517,3324.32,6.0,3322.57,6.0
1768465201635,3324.31,6.0,3322.56,6.0
1768465201755,3324.3,6.0,3322.55,6.0
1768465201864,3324.29,6.0,3322.54,6.0
1768465201976,3324.23,6.0,3322.48,6.0
1768465202191,3324.29,6.0,3322.54,6.0
1768465203067,3324.23,6.0,3322.48,6.0
1768465203455,3324.29,6.0,3322.54,6.0
1768465204195,3324.17,6.0,3322.42,6.0
1768465204297,3324.1,6.0,3322.35,6.0
1768465204341,3324.0,6.0,3322.25,6.0
1768465204444,3324.06,6.0,3322.31,6.0
1768465204543,3324.21,6.0,3322.46,6.0
1768465204659,3324.19,6.0,3322.44,6.0
1768465204775,3324.24,6.0,3322.49,6.0
1768465204894,3324.28,6.0,3322.53,6.0
1768465205114,3324.33,6.0,3322.58,6.0
1768465205448,3324.32,6.0,3322.57,6.0
1768465205554,3324.35,6.0,3322.6,6.0
1768465205690,3324.36,6.0,3322.61,6.0
1768465205916,3324.35,6.0,3322.6,6.0
1768465206246,3324.37,6.0,3322.62,6.0
1768465206606,3324.35,6.0,3322.6,6.0
1768465206727,3324.4,6.0,3322.65,6.0
1768465206834,3324.37,6.0,3322.62,6.0
1768465207057,3324.34,6.0,3322.59,6.0
1768465207164,3324.39,6.0,3322.64,6.0
1768465207291,3324.38,6.0,3322.63,6.0
1768465207775,3324.44,6.0,3322.69,6.0
1768465207880,3324.42,6.0,3322.67,6.0
1768465207991,3324.4,6.0,3322.65,6.0
1768465208102,3324.38,6.0,3322.63,6.0
1768465208255,3324.36,6.0,3322.61,6.0
1768465208364,3324.35,6.0,3322.6,6.0
1768465209354,3324.44,6.0,3322.69,6.0
1768465209485,3324.4,6.0,3322.65,6.0
1768465209822,3324.36,6.0,3322.61,6.0
1768465211656,3324.44,6.0,3322.69,6.0
1768465211776,3324.41,6.0,3322.66,6.0
1768465211878,3324.48,6.0,3322.73,6.0
1768465211987,3324.52,6.0,3322.77,6.0
1768465212125,3324.43,6.0,3322.68,6.0
1768465212212,3324.55,6.0,3322.8,6.0
1768465212347,3324.61,6.0,3322.86,6.0
1768465212467,3324.67,6.0,3322.92,6.0
1768465212682,3324.63,6.0,3322.88,6.0
1768465212817,3324.64,6.0,3322.89,6.0
1768465212831,3324.74,6.0,3322.99,6.0
1768465212929,3324.95,6.0,3323.2,6.0
1768465213037,3324.94,6.0,3323.19,6.0
1768465213171,3324.87,6.0,3323.12,6.0
1768465213295,3324.97,6.0,3323.22,6.0
1768465213397,3324.94,6.0,3323.19,6.0
1768465213609,3325.03,6.0,3323.28,6.0
1768465213727,3325.02,6.0,3323.27,6.0
1768465213860,3325.13,6.0,3323.38,6.0
1768465213995,3325.16,6.0,3323.41,6.0
1768465214224,3325.11,6.0,3323.36,6.0
1768465214395,3325.06,6.0,3323.31,6.0
1768465214631,3325.07,6.0,3323.32,6.0
1768465214735,3325.11,6.0,3323.36,6.0
1768465215510,3325.09,6.0,3323.34,6.0
1768465215612,3325.07,6.0,3323.32,6.0
1768465215988,3325.11,6.0,3323.36,6.0
1768465222047,3325.19,6.0,3323.44,6.0
1768465222288,3325.18,6.0,3323.43,6.0
1768465222394,3325.16,6.0,3323.41,6.0
1768465223069,3325.21,6.0,3323.46,6.0
1768465223273,3325.25,6.0,3323.5,6.0
1768465223487,3325.18,6.0,3323.43,6.0
1768465223608,3325.15,6.0,3323.4,6.0
1768465223715,3325.13,6.0,3323.38,6.0
1768465223984,3325.21,6.0,3323.46,6.0
1768465224136,3325.16,6.0,3323.41,6.0
1768465224922,3325.21,6.0,3323.46,6.0
1768465225080,3325.25,6.0,3323.5,6.0
1768465225192,3325.2,6.0,3323.45,6.0
1768465225545,3325.16,6.0,3323.41,6.0
1768465225647,3325.14,6.0,3323.39,6.0
1768465225830,3325.11,6.0,3323.36,6.0
1768465225958,3325.14,6.0,3323.39,6.0
1768465226355,3325.16,6.0,3323.41,6.0
1768465228195,3325.25,6.0,3323.5,6.0
1768465228307,3325.2,6.0,3323.45,6.0
1768465228636,3325.16,6.0,3323.41,6.0
1768465230186,3325.25,6.0,3323.5,6.0
1768465230292,3325.21,6.0,3323.46,6.0
1768465230395,3325.32,6.0,3323.57,6.0
1768465230467,3325.52,6.0,3323.77,6.0
1768465230687,3325.61,6.0,3323.86,6.0
1768465230814,3325.54,6.0,3323.79,6.0
1768465230940,3325.55,6.0,3323.8,6.0
1768465231054,3325.54,6.0,3323.79,6.0
1768465231177,3325.49,6.0,3323.74,6.0
1768465231267,3325.69,6.0,3323.94,6.0
1768465231395,3325.63,6.0,3323.88,6.0
1768465231507,3325.69,6.0,3323.94,6.0
1768465231556,3325.57,6.0,3323.82,6.0
1768465232260,3325.68,6.0,3323.93,6.0
1768465232374,3325.69,6.0,3323.94,6.0
1768465232494,3325.63,6.0,3323.88,6.0
1768465232715,3325.58,6.0,3323.83,6.0
1768465233433,3325.69,6.0,3323.94,6.0
1768465233546,3325.64,6.0,3323.89,6.0
1768465233865,3325.58,6.0,3323.83,6.0
1768465234211,3325.64,6.0,3323.89,6.0
1768465234315,3325.81,6.0,3324.06,6.0
1768465234434,3325.76,6.0,3324.01,6.0
1768465234482,3325.59,6.0,3323.84,6.0
1768465234790,3325.7,6.0,3323.95,6.0
1768465234858,3325.89,6.0,3324.14,6.0
1768465234966,3325.85,6.0,3324.1,6.0
1768465235067,3325.84,6.0,3324.09,6.0
1768465235174,3326.02,6.0,3324.27,6.0
1768465235304,3326.0,6.0,3324.25,6.0
1768465235787,3326.04,6.0,3324.29,6.0
1768465235909,3326.09,6.0,3324.34,6.0
1768465236021,3326.03,6.0,3324.28,6.0
1768465236124,3326.23,6.0,3324.48,6.0
1768465236239,3326.37,6.0,3324.62,6.0
1768465236354,3326.39,6.0,3324.64,6.0
1768465236396,3326.31,6.0,3324.56,6.0
1768465236501,3326.45,6.0,3324.7,6.0
1768465236647,3326.32,6.0,3324.57,6.0
1768465236753,3326.43,6.0,3324.68,6.0
1768465236863,3326.48,6.0,3324.73,6.0
1768465236993,3326.46,6.0,3324.71,6.0
1768465237356,3326.49,6.0,3324.74,6.0
1768465237597,3326.46,6.0,3324.71,6.0
1768465237866,3326.49,6.0,3324.74,6.0
1768465237976,3326.48,6.0,3324.73,6.0
1768465238081,3326.53,6.0,3324.78,6.0
1768465238187,3326.55,6.0,3324.8,6.0
1768465238344,3326.52,6.0,3324.77,6.0
1768465238554,3326.49,6.0,3324.74,6.0
1768465239078,3326.55,6.0,3324.8,6.0
1768465239314,3326.56,6.0,3324.81,6.0
1768465239419,3326.58,6.0,3324.83,6.0
1768465240297,3326.52,6.0,3324.77,6.0
1768465240525,3326.47,6.0,3324.72,6.0
1768465240750,3326.51,6.0,3324.76,6.0
1768465240860,3326.4,6.0,3324.65,6.0
1768465240974,3326.34,6.0,3324.59,6.0
1768465241206,3326.25,6.0,3324.5,6.0
1768465241324,3326.27,6.0,3324.52,6.0
1768465241426,3326.29,6.0,3324.54,6.0
1768465241543,3326.33,6.0,3324.58,6.0
1768465241665,3326.3,6.0,3324.55,6.0
1768465241786,3326.26,6.0,3324.51,6.0
1768465242000,3326.27,6.0,3324.52,6.0
1768465242244,3326.29,6.0,3324.54,6.0
1768465242918,3326.33,6.0,3324.58,6.0
1768465243262,3326.31,6.0,3324.56,6.0
1768465244889,3326.35,6.0,3324.6,6.0
1768465244992,3326.56,6.0,3324.81,6.0
1768465245100,3326.54,6.0,3324.79,6.0
1768465245205,3326.48,6.0,3324.73,6.0
1768465245555,3326.49,6.0,3324.74,6.0
1768465246185,3326.48,6.0,3324.73,6.0
1768465246416,3326.43,6.0,3324.68,6.0
1768465246985,3326.47,6.0,3324.72,6.0
1768465247665,3326.52,6.0,3324.77,6.0
1768465247785,3326.51,6.0,3324.76,6.0
1768465248130,3326.5,6.0,3324.75,6.0
1768465248578,3326.59,6.0,3324.84,6.0
1768465248705,3326.55,6.0,3324.8,6.0
1768465248808,3326.54,6.0,3324.79,6.0
1768465249155,3326.5,6.0,3324.75,6.0
1768465251419,3326.52,6.0,3324.77,6.0
1768465251588,3326.53,6.0,3324.78,6.0
1768465252063,3326.49,6.0,3324.74,6.0
1768465252434,3326.51,6.0,3324.76,6.0
1768465252895,3326.31,6.0,3324.56,6.0
1768465253135,3326.38,6.0,3324.63,6.0
1768465253374,3326.45,6.0,3324.7,6.0
1768465253540,3326.5,6.0,3324.75,6.0
1768465253665,3326.39,6.0,3324.64,6.0
1768465253824,3326.36,6.0,3324.61,6.0
1768465254012,3326.42,6.0,3324.67,6.0
1768465254446,3326.47,6.0,3324.72,6.0
1768465254667,3326.43,6.0,3324.68,6.0
1768465255817,3326.37,6.0,3324.62,6.0
1768465256294,3326.33,6.0,3324.58,6.0
1768465256486,3326.35,6.0,3324.6,6.0
1768465256828,3326.42,6.0,3324.67,6.0
1768465258416,3326.5,6.0,3324.75,6.0
1768465258533,3326.47,6.0,3324.72,6.0
1768465258647,3326.44,6.0,3324.69,6.0
1768465258876,3326.57,6.0,3324.82,6.0
1768465258992,3326.52,6.0,3324.77,6.0
1768465259114,3326.58,6.0,3324.83,6.0
1768465259234,3326.52,6.0,3324.77,6.0
1768465259348,3326.51,6.0,3324.76,6.0
1768465259810,3326.59,6.0,3324.84,6.0
1768465259917,3326.6,6.0,3324.85,6.0
1768465260196,3326.59,6.0,3324.84,6.0
1768465260425,3326.57,6.0,3324.82,6.0
1768465260674,3326.53,6.0,3324.78,6.0
1768465261125,3326.52,6.0,3324.77,6.0
1768465261333,3326.51,6.0,3324.76,6.0
1768465261438,3326.48,6.0,3324.73,6.0
1768465261794,3326.51,6.0,3324.76,6.0
1768465261914,3326.55,6.0,3324.8,6.0
1768465262144,3326.51,6.0,3324.76,6.0
1768465262245,3326.59,6.0,3324.84,6.0
1768465262346,3326.55,6.0,3324.8,6.0
1768465262571,3326.59,6.0,3324.84,6.0
1768465262776,3326.73,6.0,3324.98,6.0
1768465262858,3326.85,6.0,3325.1,6.0
1768465262964,3326.76,6.0,3325.01,6.0
1768465263422,3326.73,6.0,3324.98,6.0
1768465263663,3326.85,6.0,3325.1,6.0
1768465263807,3326.84,6.0,3325.09,6.0
1768465263932,3326.76,6.0,3325.01,6.0
1768465264594,3326.84,6.0,3325.09,6.0
1768465264714,3326.81,6.0,3325.06,6.0
1768465264873,3326.76,6.0,3325.01,6.0
1768465265325,3326.78,6.0,3325.03,6.0
1768465265560,3326.9,6.0,3325.15,6.0
1768465265663,3326.98,6.0,3325.23,6.0
1768465265785,3326.94,6.0,3325.19,6.0
1768465265827,3326.85,6.0,3325.1,6.0
1768465268862,3326.96,6.0,3325.21,6.0
1768465268991,3326.97,6.0,3325.22,6.0
1768465269216,3326.87,6.0,3325.12,6.0
1768465269675,3326.94,6.0,3325.19,6.0
1768465269784,3326.96,6.0,3325.21,6.0
1768465269941,3327.17,6.0,3325.42,6.0
1768465270048,3327.14,6.0,3325.39,6.0
1768465270161,3327.13,6.0,3325.38,6.0
1768465270265,3327.03,6.0,3325.28,6.0
1768465270408,3327.08,6.0,3325.33,6.0
1768465270545,3327.12,6.0,3325.37,6.0
1768465270705,3327.15,6.0,3325.4,6.0
1768465271046,3327.12,6.0,3325.37,6.0
1768465271377,3327.34,6.0,3325.59,6.0
1768465271740,3327.36,6.0,3325.61,6.0
1768465272254,3327.37,6.0,3325.62,6.0
1768465272360,3327.44,6.0,3325.69,6.0
1768465272470,3327.45,6.0,3325.7,6.0
1768465272724,3327.44,6.0,3325.69,6.0
1768465272895,3327.47,6.0,3325.72,6.0
1768465273856,3327.48,6.0,3325.73,6.0
1768465273977,3327.54,6.0,3325.79,6.0
1768465274087,3327.53,6.0,3325.78,6.0
1768465274214,3327.51,6.0,3325.76,6.0
1768465274676,3327.71,6.0,3325.96,6.0
1768465274795,3327.79,6.0,3326.04,6.0
1768465274902,3327.71,6.0,3325.96,6.0
1768465275017,3327.72,6.0,3325.97,6.0
1768465275625,3327.77,6.0,3326.02,6.0
1768465275734,3327.79,6.0,3326.04,6.0
1768465276072,3327.75,6.0,3326.0,6.0
1768465276175,3327.76,6.0,3326.01,6.0
1768465276305,3327.68,6.0,3325.93,6.0
1768465276525,3327.69,6.0,3325.94,6.0
1768465276645,3327.78,6.0,3326.03,6.0
1768465276747,3327.72,6.0,3325.97,6.0
1768465276874,3327.69,6.0,3325.94,6.0
1768465276994,3327.7,6.0,3325.95,6.0
1768465277114,3327.64,6.0,3325.89,6.0
1768465277227,3327.66,6.0,3325.91,6.0
1768465277344,3327.68,6.0,3325.93,6.0
1768465277654,3327.73,6.0,3325.98,6.0
1768465277754,3327.74,6.0,3325.99,6.0
1768465277866,3327.69,6.0,3325.94,6.0
1768465278835,3327.68,6.0,3325.93,6.0
1768465279106,3327.71,6.0,3325.96,6.0
1768465279224,3327.72,6.0,3325.97,6.0
1768465279334,3327.69,6.0,3325.94,6.0
1768465279724,3327.66,6.0,3325.91,6.0
1768465280074,3327.73,6.0,3325.98,6.0
1768465280395,3327.7,6.0,3325.95,6.0
1768465280497,3327.79,6.0,3326.04,6.0
1768465280597,3327.76,6.0,3326.01,6.0
1768465280817,3327.71,6.0,3325.96,6.0
1768465281596,3327.79,6.0,3326.04,6.0
1768465281706,3327.76,6.0,3326.01,6.0
1768465282074,3327.72,6.0,3325.97,6.0
1768465282535,3327.71,6.0,3325.96,6.0
1768465282894,3327.81,6.0,3326.06,6.0
1768465283173,3327.71,6.0,3325.96,6.0
1768465283272,3327.82,6.0,3326.07,6.0
1768465283490,3327.71,6.0,3325.96,6.0
1768465283593,3327.76,6.0,3326.01,6.0
1768465283968,3327.74,6.0,3325.99,6.0
1768465284085,3327.68,6.0,3325.93,6.0
1768465284197,3327.73,6.0,3325.98,6.0
1768465284559,3327.68,6.0,3325.93,6.0
1768465285166,3327.73,6.0,3325.98,6.0
1768465285272,3327.71,6.0,3325.96,6.0
1768465285685,3327.68,6.0,3325.93,6.0
1768465286321,3327.7,6.0,3325.95,6.0
1768465286534,3327.73,6.0,3325.98,6.0
1768465286704,3327.68,6.0,3325.93,6.0
1768465286816,3327.69,6.0,3325.94,6.0
1768465286935,3327.68,6.0,3325.93,6.0
1768465287775,3327.66,6.0,3325.91,6.0
1768465287888,3327.67,6.0,3325.92,6.0
1768465288116,3327.63,6.0,3325.88,6.0
1768465288227,3327.6,6.0,3325.85,6.0
1768465288332,3327.58,6.0,3325.83,6.0
1768465288469,3327.63,6.0,3325.88,6.0
1768465288589,3327.46,6.0,3325.71,6.0
1768465288817,3327.57,6.0,3325.82,6.0
1768465289045,3327.5,6.0,3325.75,6.0
1768465289645,3327.58,6.0,3325.83,6.0
1768465289755,3327.56,6.0,3325.81,6.0
1768465289878,3327.54,6.0,3325.79,6.0
1768465290225,3327.61,6.0,3325.86,6.0
1768465290339,3327.57,6.0,3325.82,6.0
1768465290565,3327.54,6.0,3325.79,6.0
1768465290876,3327.61,6.0,3325.86,6.0
1768465291094,3327.55,6.0,3325.8,6.0
1768465291205,3327.63,6.0,3325.88,6.0
1768465291325,3327.67,6.0,3325.92,6.0
1768465291656,3327.63,6.0,3325.88,6.0
1768465292174,3327.64,6.0,3325.89,6.0
1768465293028,3327.62,6.0,3325.87,6.0
1768465293287,3327.63,6.0,3325.88,6.0
1768465294225,3327.64,6.0,3325.89,6.0
1768465294325,3327.63,6.0,3325.88,6.0
1768465294593,3327.7,6.0,3325.95,6.0
1768465294834,3327.67,6.0,3325.92,6.0
1768465294945,3327.63,6.0,3325.88,6.0
1768465295306,3327.67,6.0,3325.92,6.0
1768465295527,3327.68,6.0,3325.93,6.0
1768465295644,3327.65,6.0,3325.9,6.0
1768465296805,3327.78,6.0,3326.03,6.0
1768465296907,3327.91,6.0,3326.16,6.0
1768465297116,3328.23,6.0,3326.48,6.0
1768465297225,3328.17,6.0,3326.42,6.0
1768465297334,3328.08,6.0,3326.33,6.0
1768465297402,3328.28,6.0,3326.53,6.0
1768465297507,3328.23,6.0,3326.48,6.0
1768465297635,3328.2,6.0,3326.45,6.0
1768465297855,3328.25,6.0,3326.5,6.0
1768465298121,3328.43,6.0,3326.68,6.0
1768465298224,3328.53,6.0,3326.78,6.0
1768465298340,3328.51,6.0,3326.76,6.0
1768465298513,3328.41,6.0,3326.66,6.0
1768465299913,3328.5,6.0,3326.75,6.0
1768465300265,3328.41,6.0,3326.66,6.0
1768465300860,3328.55,6.0,3326.8,6.0
1768465300971,3328.71,6.0,3326.96,6.0
1768465301075,3328.77,6.0,3327.02,6.0
1768465301185,3328.84,6.0,3327.09,6.0
1768465301296,3328.87,6.0,3327.12,6.0
1768465301415,3328.91,6.0,3327.16,6.0
1768465301516,3328.94,6.0,3327.19,6.0
1768465301744,3328.88,6.0,3327.13,6.0
1768465301856,3328.92,6.0,3327.17,6.0
1768465301974,3328.99,6.0,3327.24,6.0
1768465302226,3328.96,6.0,3327.21,6.0
1768465302741,3329.0,6.0,3327.25,6.0
1768465302842,3329.03,6.0,3327.28,6.0
1768465302964,3329.05,6.0,3327.3,6.0
1768465303077,3329.01,6.0,3327.26,6.0
1768465303185,3329.0,6.0,3327.25,6.0
1768465303286,3329.09,6.0,3327.34,6.0
1768465303415,3329.14,6.0,3327.39,6.0
1768465303525,3329.09,6.0,3327.34,6.0
1768465303875,3329.05,6.0,3327.3,6.0
1768465304115,3329.03,6.0,3327.28,6.0
1768465304235,3328.95,6.0,3327.2,6.0
1768465304338,3328.91,6.0,3327.16,6.0
1768465304468,3328.86,6.0,3327.11,6.0
1768465304574,3328.9,6.0,3327.15,6.0
1768465304694,3328.88,6.0,3327.13,6.0
1768465304819,3328.83,6.0,3327.08,6.0
1768465305154,3328.86,6.0,3327.11,6.0
1768465305974,3328.85,6.0,3327.1,6.0
1768465306802,3328.88,6.0,3327.13,6.0
1768465307024,3328.85,6.0,3327.1,6.0
1768465307809,3328.86,6.0,3327.11,6.0
1768465308155,3328.9,6.0,3327.15,6.0
1768465308265,3328.88,6.0,3327.13,6.0
1768465308635,3328.86,6.0,3327.11,6.0
1768465309924,3328.84,6.0,3327.09,6.0
1768465310064,3328.81,6.0,3327.06,6.0
1768465310339,3328.84,6.0,3327.09,6.0
1768465310457,3328.87,6.0,3327.12,6.0
1768465310565,3328.88,6.0,3327.13,6.0
1768465310807,3328.85,6.0,3327.1,6.0
1768465310912,3328.9,6.0,3327.15,6.0
1768465311124,3328.85,6.0,3327.1,6.0
1768465312132,3328.81,6.0,3327.06,6.0
1768465312373,3328.85,6.0,3327.1,6.0
1768465312599,3328.83,6.0,3327.08,6.0
1768465312714,3328.85,6.0,3327.1,6.0
1768465312816,3328.88,6.0,3327.13,6.0
1768465313038,3328.83,6.0,3327.08,6.0
1768465313274,3328.81,6.0,3327.06,6.0
1768465313394,3328.8,6.0,3327.05,6.0
1768465313624,3328.78,6.0,3327.03,6.0
1768465313744,3328.8,6.0,3327.05,6.0
1768465313849,3328.87,6.0,3327.12,6.0
1768465314085,3328.82,6.0,3327.07,6.0
1768465315664,3328.78,6.0,3327.03,6.0
1768465315765,3328.75,6.0,3327.0,6.0
1768465315985,3328.74,6.0,3326.99,6.0
1768465316170,3328.61,6.0,3326.86,6.0
1768465316424,3328.64,6.0,3326.89,6.0
1768465316662,3328.69,6.0,3326.94,6.0
1768465316775,3328.73,6.0,3326.98,6.0
1768465316879,3328.74,6.0,3326.99,6.0
1768465316979,3328.76,6.0,3327.01,6.0
1768465317126,3328.79,6.0,3327.04,6.0
1768465317235,3328.84,6.0,3327.09,6.0
1768465317338,3328.92,6.0,3327.17,6.0
1768465317449,3328.77,6.0,3327.02,6.0
1768465317689,3328.92,6.0,3327.17,6.0
1768465317824,3328.86,6.0,3327.11,6.0
1768465317942,3328.82,6.0,3327.07,6.0
1768465318513,3328.77,6.0,3327.02,6.0
1768465318805,3328.81,6.0,3327.06,6.0
1768465318899,3328.92,6.0,3327.17,6.0
1768465319398,3328.81,6.0,3327.06,6.0
1768465320416,3328.74,6.0,3326.99,6.0
1768465320565,3328.73,6.0,3326.98,6.0
1768465320677,3328.76,6.0,3327.01,6.0
1768465320784,3328.8,6.0,3327.05,6.0
1768465321236,3328.7,6.0,3326.95,6.0
1768465321337,3328.67,6.0,3326.92,6.0
1768465321478,3328.64,6.0,3326.89,6.0
1768465321580,3328.58,6.0,3326.83,6.0
1768465321626,3328.4,6.0,3326.65,6.0
1768465321733,3328.45,6.0,3326.7,6.0
1768465321833,3328.29,6.0,3326.54,6.0
1768465321968,3328.23,6.0,3326.48,6.0
1768465322225,3328.21,6.0,3326.46,6.0
1768465322342,3328.18,6.0,3326.43,6.0
1768465322455,3328.24,6.0,3326.49,6.0
1768465322564,3328.27,6.0,3326.52,6.0
1768465322689,3328.32,6.0,3326.57,6.0
1768465322777,3328.21,6.0,3326.46,6.0
1768465322878,3328.22,6.0,3326.47,6.0
1768465323346,3328.21,6.0,3326.46,6.0
1768465323456,3328.19,6.0,3326.44,6.0
1768465323785,3328.14,6.0,3326.39,6.0
1768465323921,3328.09,6.0,3326.34,6.0
1768465324134,3328.14,6.0,3326.39,6.0
1768465324645,3328.13,6.0,3326.38,6.0
1768465325235,3328.1,6.0,3326.35,6.0
1768465325584,3328.08,6.0,3326.33,6.0
1768465325936,3328.03,6.0,3326.28,6.0
1768465326055,3328.06,6.0,3326.31,6.0
1768465326174,3328.09,6.0,3326.34,6.0
1768465326276,3328.08,6.0,3326.33,6.0
1768465326394,3328.02,6.0,3326.27,6.0
1768465327080,3328.13,6.0,3326.38,6.0
1768465327346,3328.04,6.0,3326.29,6.0
1768465327645,3327.99,6.0,3326.24,6.0
1768465327798,3327.97,6.0,3326.22,6.0
1768465327902,3328.01,6.0,3326.26,6.0
1768465328399,3328.03,6.0,3326.28,6.0
1768465328504,3328.02,6.0,3326.27,6.0
1768465328514,3328.13,6.0,3326.38,6.0
1768465328734,3328.08,6.0,3326.33,6.0
1768465329038,3327.97,6.0,3326.22,6.0
1768465329255,3328.0,6.0,3326.25,6.0
1768465329365,3328.04,6.0,3326.29,6.0
1768465329579,3327.99,6.0,3326.24,6.0
1768465329798,3327.97,6.0,3326.22,6.0
1768465330034,3328.06,6.0,3326.31,6.0
1768465330276,3328.03,6.0,3326.28,6.0
1768465330810,3328.02,6.0,3326.27,6.0
1768465330913,3328.0,6.0,3326.25,6.0
1768465331194,3328.02,6.0,3326.27,6.0
1768465331665,3327.92,6.0,3326.17,6.0
1768465331766,3327.91,6.0,3326.16,6.0
1768465331895,3327.9,6.0,3326.15,6.0
1768465332007,3327.86,6.0,3326.11,6.0
1768465332124,3327.81,6.0,3326.06,6.0
1768465332243,3327.75,6.0,3326.0,6.0
1768465333150,3327.72,6.0,3325.97,6.0
1768465333265,3327.73,6.0,3325.98,6.0
1768465333349,3327.58,6.0,3325.83,6.0
1768465333506,3327.57,6.0,3325.82,6.0
1768465333589,3327.41,6.0,3325.66,6.0
1768465333705,3327.43,6.0,3325.68,6.0
1768465333806,3327.56,6.0,3325.81,6.0
1768465334405,3327.57,6.0,3325.82,6.0
1768465334515,3327.5,6.0,3325.75,6.0
1768465334597,3327.4,6.0,3325.65,6.0
1768465334730,3327.47,6.0,3325.72,6.0
1768465334900,3327.52,6.0,3325.77,6.0
1768465335002,3327.45,6.0,3325.7,6.0
1768465335117,3327.46,6.0,3325.71,6.0
1768465335335,3327.42,6.0,3325.67,6.0
1768465335444,3327.4,6.0,3325.65,6.0
1768465335545,3327.36,6.0,3325.61,6.0
1768465335688,3327.33,6.0,3325.58,6.0
1768465335804,3327.29,6.0,3325.54,6.0
1768465335908,3327.23,6.0,3325.48,6.0
1768465336014,3327.32,6.0,3325.57,6.0
1768465336118,3327.38,6.0,3325.63,6.0
1768465336263,3327.37,6.0,3325.62,6.0
1768465336384,3327.4,6.0,3325.65,6.0
1768465336735,3327.39,6.0,3325.64,6.0
1768465337741,3327.4,6.0,3325.65,6.0
1768465337899,3327.44,6.0,3325.69,6.0
1768465338225,3327.39,6.0,3325.64,6.0
1768465338443,3327.38,6.0,3325.63,6.0
1768465338502,3327.48,6.0,3325.73,6.0
1768465338735,3327.44,6.0,3325.69,6.0
1768465338854,3327.39,6.0,3325.64,6.0
1768465339614,3327.34,6.0,3325.59,6.0
1768465339937,3327.39,6.0,3325.64,6.0
1768465340176,3327.38,6.0,3325.63,6.0
1768465342008,3327.41,6.0,3325.66,6.0
1768465342142,3327.38,6.0,3325.63,6.0
1768465342816,3327.44,6.0,3325.69,6.0
1768465343090,3327.39,6.0,3325.64,6.0
1768465345326,3327.49,6.0,3325.74,6.0
1768465345431,3327.45,6.0,3325.7,6.0
1768465345535,3327.4,6.0,3325.65,6.0
1768465345637,3327.52,6.0,3325.77,6.0
1768465345744,3327.56,6.0,3325.81,6.0
1768465345849,3327.52,6.0,3325.77,6.0
1768465345888,3327.64,6.0,3325.89,6.0
1768465345994,3327.69,6.0,3325.94,6.0
1768465346212,3327.72,6.0,3325.97,6.0
1768465346322,3327.75,6.0,3326.0,6.0
1768465346575,3327.73,6.0,3325.98,6.0
1768465346695,3327.8,6.0,3326.05,6.0
1768465346745,3328.0,6.0,3326.25,6.0
1768465346850,3327.96,6.0,3326.21,6.0
1768465346905,3327.85,6.0,3326.1,6.0
1768465347025,3327.86,6.0,3326.11,6.0
1768465347247,3327.87,6.0,3326.12,6.0
1768465347614,3327.96,6.0,3326.21,6.0
1768465347840,3327.95,6.0,3326.2,6.0
1768465348135,3328.02,6.0,3326.27,6.0
1768465348244,3328.06,6.0,3326.31,6.0
1768465348368,3327.92,6.0,3326.17,6.0
1768465348525,3328.02,6.0,3326.27,6.0
1768465348607,3328.2,6.0,3326.45,6.0
1768465348708,3328.38,6.0,3326.63,6.0
1768465348827,3328.48,6.0,3326.73,6.0
1768465348951,3328.41,6.0,3326.66,6.0
1768465349055,3328.52,6.0,3326.77,6.0
1768465349180,3328.59,6.0,3326.84,6.0
1768465349296,3328.58,6.0,3326.83,6.0
1768465349414,3328.61,6.0,3326.86,6.0
1768465349448,3328.8,6.0,3327.05,6.0
1768465349556,3328.85,6.0,3327.1,6.0
1768465349683,3328.78,6.0,3327.03,6.0
1768465349802,3328.98,6.0,3327.23,6.0
1768465349906,3329.02,6.0,3327.27,6.0
1768465350048,3329.05,6.0,3327.3,6.0
1768465350175,3329.06,6.0,3327.31,6.0
1768465350281,3329.07,6.0,3327.32,6.0
1768465350386,3329.06,6.0,3327.31,6.0
1768465350644,3329.01,6.0,3327.26,6.0
1768465350874,3329.02,6.0,3327.27,6.0
1768465350978,3329.09,6.0,3327.34,6.0
1768465351234,3329.06,6.0,3327.31,6.0
1768465353177,3329.08,6.0,3327.33,6.0
1768465353396,3329.15,6.0,3327.4,6.0
1768465353514,3329.21,6.0,3327.46,6.0
1768465353625,3329.24,6.0,3327.49,6.0
1768465353865,3329.25,6.0,3327.5,6.0
1768465354094,3329.22,6.0,3327.47,6.0
1768465354099,3329.34,6.0,3327.59,6.0
1768465354214,3329.42,6.0,3327.67,6.0
1768465354292,3329.61,6.0,3327.86,6.0
1768465354414,3329.63,6.0,3327.88,6.0
1768465354517,3329.58,6.0,3327.83,6.0
1768465354666,3329.59,6.0,3327.84,6.0
1768465355177,3329.69,6.0,3327.94,6.0
1768465355385,3329.59,6.0,3327.84,6.0
1768465355661,3329.69,6.0,3327.94,6.0
1768465355777,3329.65,6.0,3327.9,6.0
1768465355904,3329.69,6.0,3327.94,6.0
1768465356027,3329.74,6.0,3327.99,6.0
1768465356135,3329.68,6.0,3327.93,6.0
1768465356928,3329.79,6.0,3328.04,6.0
1768465357044,3329.8,6.0,3328.05,6.0
1768465357147,3329.88,6.0,3328.13,6.0
1768465357409,3329.85,6.0,3328.1,6.0
1768465357615,3329.93,6.0,3328.18,6.0
1768465357738,3329.86,6.0,3328.11,6.0
1768465357847,3329.8,6.0,3328.05,6.0
1768465358678,3329.79,6.0,3328.04,6.0
1768465358787,3329.67,6.0,3327.92,6.0
1768465359015,3329.77,6.0,3328.02,6.0
1768465359246,3329.7,6.0,3327.95,6.0
1768465360427,3329.77,6.0,3328.02,6.0
1768465360581,3329.74,6.0,3327.99,6.0
1768465360729,3329.89,6.0,3328.14,6.0
1768465360834,3329.92,6.0,3328.17,6.0
1768465361074,3329.77,6.0,3328.02,6.0
1768465361533,3329.72,6.0,3327.97,6.0
1768465361665,3329.69,6.0,3327.94,6.0
1768465361877,3329.84,6.0,3328.09,6.0
1768465362115,3329.78,6.0,3328.03,6.0
1768465362232,3329.71,6.0,3327.96,6.0
1768465362678,3329.84,6.0,3328.09,6.0
1768465362791,3329.89,6.0,3328.14,6.0
1768465362926,3329.94,6.0,3328.19,6.0
1768465362986,3329.83,6.0,3328.08,6.0
1768465363091,3329.82,6.0,3328.07,6.0
1768465363205,3329.8,6.0,3328.05,6.0
1768465363488,3329.93,6.0,3328.18,6.0
1768465363715,3329.86,6.0,3328.11,6.0
1768465364022,3329.96,6.0,3328.21,6.0
1768465364203,3329.79,6.0,3328.04,6.0
1768465364338,3329.78,6.0,3328.03,6.0
1768465364447,3329.79,6.0,3328.04,6.0
1768465365145,3329.78,6.0,3328.03,6.0
1768465365265,3329.79,6.0,3328.04,6.0
1768465365376,3329.78,6.0,3328.03,6.0
1768465365643,3329.79,6.0,3328.04,6.0
1768465365925,3329.78,6.0,3328.03,6.0
1768465366035,3329.77,6.0,3328.02,6.0
1768465366270,3329.79,6.0,3328.04,6.0
1768465366374,3329.78,6.0,3328.03,6.0
1768465366414,3329.93,6.0,3328.18,6.0
1768465366524,3329.86,6.0,3328.11,6.0
1768465366645,3329.79,6.0,3328.04,6.0
1768465366875,3329.78,6.0,3328.03,6.0
1768465367411,3329.7,6.0,3327.95,6.0
1768465367515,3329.66,6.0,3327.91,6.0
1768465367637,3329.57,6.0,3327.82,6.0
1768465367648,3329.46,6.0,3327.71,6.0
1768465367765,3329.45,6.0,3327.7,6.0
1768465367885,3329.5,6.0,3327.75,6.0
1768465368007,3329.55,6.0,3327.8,6.0
1768465368119,3329.53,6.0,3327.78,6.0
1768465368235,3329.54,6.0,3327.79,6.0
1768465368345,3329.55,6.0,3327.8,6.0
1768465368465,3329.57,6.0,3327.82,6.0
1768465368795,3329.66,6.0,3327.91,6.0
1768465368915,3329.67,6.0,3327.92,6.0
1768465369025,3329.64,6.0,3327.89,6.0
1768465369255,3329.65,6.0,3327.9,6.0
1768465371081,3329.74,6.0,3327.99,6.0
1768465371190,3329.68,6.0,3327.93,6.0
1768465371299,3329.73,6.0,3327.98,6.0
1768465371387,3329.94,6.0,3328.19,6.0
1768465371605,3329.77,6.0,3328.02,6.0
1768465371859,3329.74,6.0,3327.99,6.0
1768465372017,3329.73,6.0,3327.98,6.0
1768465374349,3329.85,6.0,3328.1,6.0
1768465374575,3329.79,6.0,3328.04,6.0
1768465374808,3329.74,6.0,3327.99,6.0
1768465376104,3329.86,6.0,3328.11,6.0
1768465376226,3329.93,6.0,3328.18,6.0
1768465376349,3329.89,6.0,3328.14,6.0
1768465376470,3329.82,6.0,3328.07,6.0
1768465376591,3329.81,6.0,3328.06,6.0
1768465377495,3329.8,6.0,3328.05,6.0
1768465377604,3329.86,6.0,3328.11,6.0
1768465377824,3329.8,6.0,3328.05,6.0
1768465380184,3329.91,6.0,3328.16,6.0
1768465380306,3329.92,6.0,3328.17,6.0
1768465380385,3329.81,6.0,3328.06,6.0
1768465380545,3329.86,6.0,3328.11,6.0
1768465380659,3329.88,6.0,3328.13,6.0
1768465380784,3329.84,6.0,3328.09,6.0
1768465381296,3329.85,6.0,3328.1,6.0
1768465381634,3329.81,6.0,3328.06,6.0
1768465381855,3329.8,6.0,3328.05,6.0
1768465382624,3329.78,6.0,3328.03,6.0
1768465382864,3329.86,6.0,3328.11,6.0
1768465382984,3329.94,6.0,3328.19,6.0
1768465383008,3329.79,6.0,3328.04,6.0
1768465383385,3329.72,6.0,3327.97,6.0
1768465383506,3329.68,6.0,3327.93,6.0
1768465383711,3329.63,6.0,3327.88,6.0
1768465383841,3329.67,6.0,3327.92,6.0
1768465383942,3329.68,6.0,3327.93,6.0
1768465384064,3329.67,6.0,3327.92,6.0
1768465384290,3329.69,6.0,3327.94,6.0
1768465384425,3329.7,6.0,3327.95,6.0
1768465384534,3329.71,6.0,3327.96,6.0
1768465384879,3329.69,6.0,3327.94,6.0
1768465385094,3329.66,6.0,3327.91,6.0
1768465385326,3329.69,6.0,3327.94,6.0
1768465386885,3329.7,6.0,3327.95,6.0
1768465386998,3329.8,6.0,3328.05,6.0
1768465387099,3329.88,6.0,3328.13,6.0
1768465387226,3329.87,6.0,3328.12,6.0
1768465387338,3329.93,6.0,3328.18,6.0
1768465387943,3329.94,6.0,3328.19,6.0
1768465388504,3329.92,6.0,3328.17,6.0
1768465389247,3329.93,6.0,3328.18,6.0
1768465389386,3329.92,6.0,3328.17,6.0
1768465389699,3330.07,6.0,3328.32,6.0
1768465389972,3329.92,6.0,3328.17,6.0
1768465390935,3329.9,6.0,3328.15,6.0
1768465391039,3329.87,6.0,3328.12,6.0
1768465391158,3329.85,6.0,3328.1,6.0
1768465391261,3329.87,6.0,3328.12,6.0
1768465391365,3329.86,6.0,3328.11,6.0
1768465391796,3329.81,6.0,3328.06,6.0
1768465391935,3329.82,6.0,3328.07,6.0
1768465392045,3329.85,6.0,3328.1,6.0
1768465392274,3329.94,6.0,3328.19,6.0
1768465393323,3329.85,6.0,3328.1,6.0
1768465393474,3329.83,6.0,3328.08,6.0
1768465393586,3329.81,6.0,3328.06,6.0
1768465393734,3329.85,6.0,3328.1,6.0
1768465394378,3329.84,6.0,3328.09,6.0
1768465394627,3329.75,6.0,3328.0,6.0
1768465394752,3329.67,6.0,3327.92,6.0
1768465394861,3329.68,6.0,3327.93,6.0
1768465394977,3329.72,6.0,3327.97,6.0
1768465395226,3329.68,6.0,3327.93,6.0
1768465395651,3329.66,6.0,3327.91,6.0
1768465395775,3329.65,6.0,3327.9,6.0
1768465395894,3329.66,6.0,3327.91,6.0
1768465396014,3329.61,6.0,3327.86,6.0
1768465396745,3329.64,6.0,3327.89,6.0
1768465396854,3329.63,6.0,3327.88,6.0
1768465397074,3329.64,6.0,3327.89,6.0
1768465397619,3329.58,6.0,3327.83,6.0
1768465397745,3329.52,6.0,3327.77,6.0
1768465397849,3329.51,6.0,3327.76,6.0
1768465397955,3329.53,6.0,3327.78,6.0
1768465398035,3329.43,6.0,3327.68,6.0
1768465398144,3329.45,6.0,3327.7,6.0
1768465398348,3329.32,6.0,3327.57,6.0
1768465398825,3329.31,6.0,3327.56,6.0
1768465399555,3329.3,6.0,3327.55,6.0
1768465399750,3329.13,6.0,3327.38,6.0
1768465399868,3329.05,6.0,3327.3,6.0
1768465399978,3329.03,6.0,3327.28,6.0
1768465400224,3329.06,6.0,3327.31,6.0
1768465400454,3329.04,6.0,3327.29,6.0
1768465400564,3329.03,6.0,3327.28,6.0
1768465400904,3329.06,6.0,3327.31,6.0
1768465401247,3329.04,6.0,3327.29,6.0
1768465402475,3329.03,6.0,3327.28,6.0
1768465403215,3329.06,6.0,3327.31,6.0
1768465404145,3329.04,6.0,3327.29,6.0
1768465404854,3329.02,6.0,3327.27,6.0
1768465404968,3329.09,6.0,3327.34,6.0
1768465405085,3329.11,6.0,3327.36,6.0
1768465405190,3329.09,6.0,3327.34,6.0
1768465405422,3329.04,6.0,3327.29,6.0
1768465405535,3329.08,6.0,3327.33,6.0
1768465405648,3329.04,6.0,3327.29,6.0
1768465406119,3328.96,6.0,3327.21,6.0
1768465406334,3329.01,6.0,3327.26,6.0
1768465406575,3329.04,6.0,3327.29,6.0
1768465406689,3328.99,6.0,3327.24,6.0
1768465407688,3329.09,6.0,3327.34,6.0
1768465408690,3328.99,6.0,3327.24,6.0
1768465409055,3328.94,6.0,3327.19,6.0
1768465409216,3328.99,6.0,3327.24,6.0
1768465410116,3329.09,6.0,3327.34,6.0
1768465410234,3329.13,6.0,3327.38,6.0
1768465410341,3329.08,6.0,3327.33,6.0
1768465410594,3329.02,6.0,3327.27,6.0
1768465411144,3329.09,6.0,3327.34,6.0
1768465411264,3329.1,6.0,3327.35,6.0
1768465411484,3329.04,6.0,3327.29,6.0
1768465411716,3329.02,6.0,3327.27,6.0
1768465411946,3329.04,6.0,3327.29,6.0
1768465412776,3329.15,6.0,3327.4,6.0
1768465413368,3329.04,6.0,3327.29,6.0
1768465414424,3329.15,6.0,3327.4,6.0
1768465414547,3329.1,6.0,3327.35,6.0
1768465414697,3329.02,6.0,3327.27,6.0
1768465414926,3328.97,6.0,3327.22,6.0
1768465415034,3328.91,6.0,3327.16,6.0
1768465415137,3328.94,6.0,3327.19,6.0
1768465415254,3328.95,6.0,3327.2,6.0
1768465415697,3328.84,6.0,3327.09,6.0
1768465415803,3328.86,6.0,3327.11,6.0
1768465415929,3328.91,6.0,3327.16,6.0
1768465416037,3328.88,6.0,3327.13,6.0
1768465416384,3328.96,6.0,3327.21,6.0
1768465416605,3329.0,6.0,3327.25,6.0
1768465416724,3328.95,6.0,3327.2,6.0
1768465416845,3328.9,6.0,3327.15,6.0
1768465416954,3328.87,6.0,3327.12,6.0
1768465417179,3328.85,6.0,3327.1,6.0
1768465417398,3328.87,6.0,3327.12,6.0
1768465417500,3328.9,6.0,3327.15,6.0
1768465417634,3328.95,6.0,3327.2,6.0
1768465417754,3328.87,6.0,3327.12,6.0
1768465419891,3329.01,6.0,3327.26,6.0
1768465420008,3329.03,6.0,3327.28,6.0
1768465420111,3329.04,6.0,3327.29,6.0
1768465420222,3329.05,6.0,3327.3,6.0
1768465420371,3328.96,6.0,3327.21,6.0
1768465420598,3328.94,6.0,3327.19,6.0
1768465420965,3328.95,6.0,3327.2,6.0
1768465422859,3329.06,6.0,3327.31,6.0
1768465423079,3328.94,6.0,3327.19,6.0
1768465423196,3328.91,6.0,3327.16,6.0
1768465423336,3328.9,6.0,3327.15,6.0
1768465423541,3328.91,6.0,3327.16,6.0
1768465423656,3328.89,6.0,3327.14,6.0
1768465424142,3328.88,6.0,3327.13,6.0
1768465424247,3328.77,6.0,3327.02,6.0
1768465424476,3328.79,6.0,3327.04,6.0
1768465424625,3328.75,6.0,3327.0,6.0
1768465424726,3328.79,6.0,3327.04,6.0
1768465424919,3328.78,6.0,3327.03,6.0
1768465425765,3328.8,6.0,3327.05,6.0
1768465426165,3328.78,6.0,3327.03,6.0
1768465428250,3328.72,6.0,3326.97,6.0
1768465428386,3328.65,6.0,3326.9,6.0
1768465428504,3328.63,6.0,3326.88,6.0
1768465428569,3328.54,6.0,3326.79,6.0
1768465429426,3328.58,6.0,3326.83,6.0
1768465429542,3328.56,6.0,3326.81,6.0
1768465429975,3328.54,6.0,3326.79,6.0
1768465431044,3328.56,6.0,3326.81,6.0
1768465431154,3328.54,6.0,3326.79,6.0
1768465431807,3328.58,6.0,3326.83,6.0
1768465432148,3328.55,6.0,3326.8,6.0
1768465432365,3328.6,6.0,3326.85,6.0
1768465432826,3328.55,6.0,3326.8,6.0
1768465433175,3328.5,6.0,3326.75,6.0
1768465433277,3328.51,6.0,3326.76,6.0
1768465433541,3328.54,6.0,3326.79,6.0
1768465435036,3328.64,6.0,3326.89,6.0
1768465435140,3328.6,6.0,3326.85,6.0
1768465435365,3328.56,6.0,3326.81,6.0
1768465435797,3328.66,6.0,3326.91,6.0
1768465435898,3328.69,6.0,3326.94,6.0
1768465436045,3328.66,6.0,3326.91,6.0
1768465436165,3328.67,6.0,3326.92,6.0
1768465436505,3328.81,6.0,3327.06,6.0
1768465436744,3328.82,6.0,3327.07,6.0
1768465436861,3328.74,6.0,3326.99,6.0
1768465438665,3328.72,6.0,3326.97,6.0
1768465439005,3328.7,6.0,3326.95,6.0
1768465439115,3328.68,6.0,3326.93,6.0
1768465439226,3328.83,6.0,3327.08,6.0
1768465439354,3328.79,6.0,3327.04,6.0
1768465439464,3328.72,6.0,3326.97,6.0
1768465439576,3328.79,6.0,3327.04,6.0
1768465439887,3328.72,6.0,3326.97,6.0
1768465440009,3328.71,6.0,3326.96,6.0
1768465440235,3328.67,6.0,3326.92,6.0
1768465440355,3328.64,6.0,3326.89,6.0
1768465440470,3328.72,6.0,3326.97,6.0
1768465440685,3328.74,6.0,3326.99,6.0
1768465440830,3328.69,6.0,3326.94,6.0
1768465440935,3328.66,6.0,3326.91,6.0
1768465442987,3328.64,6.0,3326.89,6.0
1768465443231,3328.6,6.0,3326.85,6.0
1768465443461,3328.64,6.0,3326.89,6.0
1768465443744,3328.69,6.0,3326.94,6.0
1768465443860,3328.67,6.0,3326.92,6.0
1768465444025,3328.77,6.0,3327.02,6.0
1768465444155,3328.72,6.0,3326.97,6.0
1768465444274,3328.66,6.0,3326.91,6.0
1768465444395,3328.59,6.0,3326.84,6.0
1768465444726,3328.54,6.0,3326.79,6.0
1768465445427,3328.58,6.0,3326.83,6.0
1768465445646,3328.66,6.0,3326.91,6.0
1768465445755,3328.61,6.0,3326.86,6.0
1768465445935,3328.56,6.0,3326.81,6.0
1768465446215,3328.53,6.0,3326.78,6.0
1768465446334,3328.54,6.0,3326.79,6.0
1768465446437,3328.56,6.0,3326.81,6.0
1768465446555,3328.61,6.0,3326.86,6.0
1768465446786,3328.58,6.0,3326.83,6.0
1768465448705,3328.57,6.0,3326.82,6.0
1768465448817,3328.56,6.0,3326.81,6.0
1768465448926,3328.55,6.0,3326.8,6.0
1768465449076,3328.56,6.0,3326.81,6.0
1768465449213,3328.66,6.0,3326.91,6.0
1768465449505,3328.61,6.0,3326.86,6.0
1768465449991,3328.56,6.0,3326.81,6.0
1768465450668,3328.54,6.0,3326.79,6.0
1768465450774,3328.53,6.0,3326.78,6.0
1768465450904,3328.58,6.0,3326.83,6.0
1768465451023,3328.6,6.0,3326.85,6.0
1768465451128,3328.55,6.0,3326.8,6.0
1768465451411,3328.52,6.0,3326.77,6.0
1768465451554,3328.51,6.0,3326.76,6.0
1768465451745,3328.53,6.0,3326.78,6.0
1768465452095,3328.51,6.0,3326.76,6.0
1768465452210,3328.52,6.0,3326.77,6.0
1768465452544,3328.55,6.0,3326.8,6.0
1768465454007,3328.5,6.0,3326.75,6.0
1768465454115,3328.52,6.0,3326.77,6.0
1768465454373,3328.51,6.0,3326.76,6.0
1768465454725,3328.59,6.0,3326.84,6.0
1768465454937,3328.6,6.0,3326.85,6.0
1768465455175,3328.53,6.0,3326.78,6.0
1768465457199,3328.43,6.0,3326.68,6.0
1768465457254,3328.2,6.0,3326.45,6.0
1768465457368,3328.14,6.0,3326.39,6.0
1768465457475,3328.02,6.0,3326.27,6.0
1768465457583,3327.92,6.0,3326.17,6.0
1768465457685,3327.91,6.0,3326.16,6.0
1768465457842,3327.93,6.0,3326.18,6.0
1768465457994,3327.9,6.0,3326.15,6.0
1768465458685,3327.85,6.0,3326.1,6.0
1768465458795,3327.82,6.0,3326.07,6.0
1768465458904,3327.84,6.0,3326.09,6.0
1768465459020,3327.83,6.0,3326.08,6.0
1768465459135,3327.77,6.0,3326.02,6.0
1768465459255,3327.81,6.0,3326.06,6.0
1768465459364,3327.8,6.0,3326.05,6.0
1768465459481,3327.78,6.0,3326.03,6.0
1768465459875,3327.75,6.0,3326.0,6.0
1768465461167,3327.79,6.0,3326.04,6.0
1768465461294,3327.76,6.0,3326.01,6.0
1768465461405,3327.75,6.0,3326.0,6.0
1768465461546,3327.73,6.0,3325.98,6.0
1768465461674,3327.74,6.0,3325.99,6.0
1768465461894,3327.69,6.0,3325.94,6.0
1768465462466,3327.65,6.0,3325.9,6.0
1768465462471,3327.5,6.0,3325.75,6.0
1768465462573,3327.46,6.0,3325.71,6.0
1768465462805,3327.47,6.0,3325.72,6.0
1768465462913,3327.5,6.0,3325.75,6.0
1768465463024,3327.53,6.0,3325.78,6.0
1768465463127,3327.47,6.0,3325.72,6.0
1768465463255,3327.5,6.0,3325.75,6.0
1768465463365,3327.47,6.0,3325.72,6.0
1768465463685,3327.43,6.0,3325.68,6.0
1768465463787,3327.45,6.0,3325.7,6.0
1768465463915,3327.5,6.0,3325.75,6.0
1768465464045,3327.47,6.0,3325.72,6.0
1768465464572,3327.5,6.0,3325.75,6.0
1768465464677,3327.56,6.0,3325.81,6.0
1768465464801,3327.55,6.0,3325.8,6.0
1768465464936,3327.56,6.0,3325.81,6.0
1768465465055,3327.6,6.0,3325.85,6.0
1768465467039,3327.58,6.0,3325.83,6.0
1768465467610,3327.57,6.0,3325.82,6.0
1768465467930,3327.56,6.0,3325.81,6.0
1768465468056,3327.55,6.0,3325.8,6.0
1768465468174,3327.63,6.0,3325.88,6.0
1768465468295,3327.55,6.0,3325.8,6.0
1768465468409,3327.51,6.0,3325.76,6.0
1768465468984,3327.48,6.0,3325.73,6.0
1768465469192,3327.5,6.0,3325.75,6.0
1768465469335,3327.52,6.0,3325.77,6.0
1768465469490,3327.5,6.0,3325.75,6.0
1768465470642,3327.55,6.0,3325.8,6.0
1768465470758,3327.4,6.0,3325.65,6.0
1768465470866,3327.32,6.0,3325.57,6.0
1768465471095,3327.34,6.0,3325.59,6.0
1768465471205,3327.3,6.0,3325.55,6.0
1768465471324,3327.35,6.0,3325.6,6.0
1768465471331,3327.56,6.0,3325.81,6.0
1768465471566,3327.47,6.0,3325.72,6.0
1768465471590,3327.36,6.0,3325.61,6.0
1768465471744,3327.34,6.0,3325.59,6.0
1768465472423,3327.37,6.0,3325.62,6.0
1768465472746,3327.52,6.0,3325.77,6.0
1768465472901,3327.49,6.0,3325.74,6.0
1768465473055,3327.42,6.0,3325.67,6.0
1768465473161,3327.34,6.0,3325.59,6.0
1768465473296,3327.32,6.0,3325.57,6.0
1768465473510,3327.33,6.0,3325.58,6.0
1768465473790,3327.34,6.0,3325.59,6.0
1768465473922,3327.42,6.0,3325.67,6.0
1768465474249,3327.35,6.0,3325.6,6.0
1768465474250,3327.5,6.0,3325.75,6.0
1768465474473,3327.35,6.0,3325.6,6.0
1768465475734,3327.43,6.0,3325.68,6.0
1768465475896,3327.52,6.0,3325.77,6.0
1768465476035,3327.45,6.0,3325.7,6.0
1768465476147,3327.38,6.0,3325.63,6.0
1768465476309,3327.53,6.0,3325.78,6.0
1768465476526,3327.45,6.0,3325.7,6.0
1768465476819,3327.38,6.0,3325.63,6.0
1768465476944,3327.37,6.0,3325.62,6.0
1768465476990,3327.5,6.0,3325.75,6.0
1768465477114,3327.44,6.0,3325.69,6.0
1768465477566,3327.36,6.0,3325.61,6.0
1768465478995,3327.39,6.0,3325.64,6.0
1768465479099,3327.38,6.0,3325.63,6.0
1768465480709,3327.39,6.0,3325.64,6.0
1768465480805,3327.82,6.0,3326.07,6.0
1768465480918,3328.0,6.0,3326.25,6.0
1768465481026,3327.85,6.0,3326.1,6.0
1768465481086,3328.16,6.0,3326.41,6.0
1768465481188,3328.2,6.0,3326.45,6.0
1768465481291,3328.3,6.0,3326.55,6.0
1768465481485,3328.1,6.0,3326.35,6.0
1768465481715,3328.11,6.0,3326.36,6.0
1768465481875,3328.09,6.0,3326.34,6.0
1768465482110,3328.0,6.0,3326.25,6.0
1768465482223,3327.95,6.0,3326.2,6.0
1768465482318,3328.16,6.0,3326.41,6.0
1768465482455,3328.08,6.0,3326.33,6.0
1768465482564,3327.97,6.0,3326.22,6.0
1768465482785,3328.03,6.0,3326.28,6.0
1768465483220,3328.1,6.0,3326.35,6.0
1768465484101,3328.06,6.0,3326.31,6.0
1768465485375,3328.04,6.0,3326.29,6.0
1768465485476,3328.05,6.0,3326.3,6.0
1768465485594,3328.06,6.0,3326.31,6.0
1768465487487,3328.19,6.0,3326.44,6.0
1768465487754,3328.13,6.0,3326.38,6.0
1768465487875,3328.12,6.0,3326.37,6.0
1768465488315,3328.06,6.0,3326.31,6.0
1768465488648,3328.05,6.0,3326.3,6.0
1768465491769,3327.98,6.0,3326.23,6.0
1768465492188,3328.04,6.0,3326.29,6.0
1768465492805,3328.18,6.0,3326.43,6.0
1768465493045,3328.05,6.0,3326.3,6.0
1768465498448,3327.97,6.0,3326.22,6.0
1768465498567,3328.05,6.0,3326.3,6.0
1768465498647,3328.17,6.0,3326.42,6.0
1768465498755,3328.11,6.0,3326.36,6.0
1768465498874,3328.05,6.0,3326.3,6.0
1768465499075,3328.17,6.0,3326.42,6.0
1768465499346,3328.05,6.0,3326.3,6.0
1768465501826,3328.17,6.0,3326.42,6.0
1768465501952,3328.11,6.0,3326.36,6.0
1768465502492,3328.05,6.0,3326.3,6.0
1768465503096,3328.12,6.0,3326.37,6.0
1768465503214,3328.09,6.0,3326.34,6.0
1768465503334,3328.05,6.0,3326.3,6.0
1768465503971,3328.07,6.0,3326.32,6.0
1768465504084,3328.06,6.0,3326.31,6.0
1768465504585,3328.05,6.0,3326.3,6.0
1768465508835,3328.13,6.0,3326.38,6.0
1768465509114,3328.09,6.0,3326.34,6.0
1768465509719,3328.05,6.0,3326.3,6.0
1768465511704,3327.95,6.0,3326.2,6.0
1768465511806,3327.88,6.0,3326.13,6.0
1768465511918,3327.82,6.0,3326.07,6.0
1768465512028,3327.76,6.0,3326.01,6.0
1768465512136,3327.79,6.0,3326.04,6.0
1768465512254,3327.78,6.0,3326.03,6.0
1768465512654,3327.86,6.0,3326.11,6.0
1768465512876,3327.87,6.0,3326.12,6.0
1768465512979,3328.02,6.0,3326.27,6.0
1768465513105,3328.0,6.0,3326.25,6.0
1768465513350,3328.09,6.0,3326.34,6.0
1768465513455,3328.05,6.0,3326.3,6.0
1768465513690,3328.01,6.0,3326.26,6.0
1768465514035,3327.98,6.0,3326.23,6.0
1768465514261,3327.96,6.0,3326.21,6.0
1768465515765,3327.95,6.0,3326.2,6.0
1768465517490,3327.87,6.0,3326.12,6.0
1768465517591,3327.84,6.0,3326.09,6.0
1768465517724,3327.87,6.0,3326.12,6.0
1768465517931,3327.97,6.0,3326.22,6.0
1768465518144,3327.95,6.0,3326.2,6.0
1768465520735,3328.01,6.0,3326.26,6.0
1768465520903,3327.98,6.0,3326.23,6.0
1768465521285,3327.95,6.0,3326.2,6.0
1768465521804,3328.01,6.0,3326.26,6.0
1768465522366,3327.95,6.0,3326.2,6.0
1768465523950,3327.94,6.0,3326.19,6.0
1768465524335,3327.95,6.0,3326.2,6.0
1768465524947,3327.97,6.0,3326.22,6.0
1768465525425,3327.95,6.0,3326.2,6.0
1768465525644,3328.0,6.0,3326.25,6.0
1768465525854,3327.97,6.0,3326.22,6.0
1768465526148,3327.95,6.0,3326.2,6.0
1768465526711,3328.0,6.0,3326.25,6.0
1768465526955,3327.93,6.0,3326.18,6.0
1768465527090,3327.94,6.0,3326.19,6.0
1768465527455,3327.97,6.0,3326.22,6.0
1768465527794,3327.94,6.0,3326.19,6.0
1768465529296,3327.98,6.0,3326.23,6.0
1768465529403,3327.95,6.0,3326.2,6.0
1768465529505,3328.01,6.0,3326.26,6.0
1768465529608,3327.99,6.0,3326.24,6.0
1768465529724,3327.97,6.0,3326.22,6.0
1768465530764,3327.96,6.0,3326.21,6.0
1768465530874,3327.98,6.0,3326.23,6.0
1768465531574,3327.97,6.0,3326.22,6.0
1768465533416,3327.95,6.0,3326.2,6.0
1768465533653,3328.01,6.0,3326.26,6.0
1768465533765,3328.07,6.0,3326.32,6.0
1768465533884,3328.05,6.0,3326.3,6.0
1768465534105,3328.03,6.0,3326.28,6.0
1768465534317,3328.2,6.0,3326.45,6.0
1768465534424,3328.29,6.0,3326.54,6.0
1768465534530,3328.32,6.0,3326.57,6.0
1768465534626,3328.18,6.0,3326.43,6.0
1768465534735,3328.17,6.0,3326.42,6.0
1768465534844,3328.16,6.0,3326.41,6.0
1768465534952,3328.31,6.0,3326.56,6.0
1768465535092,3328.27,6.0,3326.52,6.0
1768465535204,3328.24,6.0,3326.49,6.0
1768465535322,3328.21,6.0,3326.46,6.0
1768465535448,3328.2,6.0,3326.45,6.0
1768465535573,3328.23,6.0,3326.48,6.0
1768465535804,3328.19,6.0,3326.44,6.0
1768465536151,3328.18,6.0,3326.43,6.0
1768465536299,3328.27,6.0,3326.52,6.0
1768465536407,3328.23,6.0,3326.48,6.0
1768465536615,3328.34,6.0,3326.59,6.0
1768465536734,3328.35,6.0,3326.6,6.0
1768465536841,3328.43,6.0,3326.68,6.0
1768465536954,3328.44,6.0,3326.69,6.0
1768465537061,3328.45,6.0,3326.7,6.0
1768465537165,3328.39,6.0,3326.64,6.0
1768465537291,3328.4,6.0,3326.65,6.0
1768465537617,3328.56,6.0,3326.81,6.0
1768465537737,3328.73,6.0,3326.98,6.0
1768465537845,3328.6,6.0,3326.85,6.0
1768465538070,3328.62,6.0,3326.87,6.0
1768465538177,3328.52,6.0,3326.77,6.0
1768465538324,3328.42,6.0,3326.67,6.0
1768465538426,3328.33,6.0,3326.58,6.0
1768465538554,3328.36,6.0,3326.61,6.0
1768465538680,3328.44,6.0,3326.69,6.0
1768465538805,3328.42,6.0,3326.67,6.0
1768465539030,3328.41,6.0,3326.66,6.0
1768465539155,3328.42,6.0,3326.67,6.0
1768465539385,3328.44,6.0,3326.69,6.0
1768465540441,3328.36,6.0,3326.61,6.0
1768465540552,3328.45,6.0,3326.7,6.0
1768465540885,3328.44,6.0,3326.69,6.0
1768465541555,3328.42,6.0,3326.67,6.0
1768465541663,3328.44,6.0,3326.69,6.0
1768465543005,3328.42,6.0,3326.67,6.0
1768465543297,3328.39,6.0,3326.64,6.0
1768465543398,3328.31,6.0,3326.56,6.0
1768465543506,3328.34,6.0,3326.59,6.0
1768465543746,3328.31,6.0,3326.56,6.0
1768465543864,3328.37,6.0,3326.62,6.0
1768465544002,3328.34,6.0,3326.59,6.0
1768465544264,3328.38,6.0,3326.63,6.0
1768465544495,3328.36,6.0,3326.61,6.0
1768465544614,3328.34,6.0,3326.59,6.0
1768465545184,3328.38,6.0,3326.63,6.0
1768465545286,3328.36,6.0,3326.61,6.0
1768465545525,3328.34,6.0,3326.59,6.0
1768465547125,3328.36,6.0,3326.61,6.0
1768465547364,3328.38,6.0,3326.63,6.0
1768465547478,3328.37,6.0,3326.62,6.0
1768465547739,3328.35,6.0,3326.6,6.0
1768465548499,3328.41,6.0,3326.66,6.0
1768465548626,3328.39,6.0,3326.64,6.0
1768465548855,3328.37,6.0,3326.62,6.0
1768465549189,3328.35,6.0,3326.6,6.0
1768465550352,3328.34,6.0,3326.59,6.0
1768465550450,3328.09,6.0,3326.34,6.0
1768465550674,3328.14,6.0,3326.39,6.0
1768465550784,3328.02,6.0,3326.27,6.0
1768465551001,3327.82,6.0,3326.07,6.0
1768465551114,3327.93,6.0,3326.18,6.0
1768465551226,3328.0,6.0,3326.25,6.0
1768465553720,3327.98,6.0,3326.23,6.0
1768465553838,3328.0,6.0,3326.25,6.0
1768465554589,3327.91,6.0,3326.16,6.0
1768465554824,3327.98,6.0,3326.23,6.0
1768465555055,3328.03,6.0,3326.28,6.0
1768465555181,3328.06,6.0,3326.31,6.0
1768465555284,3327.98,6.0,3326.23,6.0
1768465555394,3328.02,6.0,3326.27,6.0
1768465555500,3328.06,6.0,3326.31,6.0
1768465555622,3328.01,6.0,3326.26,6.0
1768465555734,3328.03,6.0,3326.28,6.0
1768465556004,3328.01,6.0,3326.26,6.0
1768465556575,3328.07,6.0,3326.32,6.0
1768465556695,3328.04,6.0,3326.29,6.0
1768465556810,3328.01,6.0,3326.26,6.0
1768465557305,3328.07,6.0,3326.32,6.0
1768465557430,3328.14,6.0,3326.39,6.0
1768465557535,3328.13,6.0,3326.38,6.0
1768465557740,3328.17,6.0,3326.42,6.0
1768465557939,3328.68,6.0,3326.93,6.0
1768465557996,3329.2,6.0,3327.45,6.0
1768465558099,3329.18,6.0,3327.43,6.0
1768465558204,3329.46,6.0,3327.71,6.0
1768465558344,3329.43,6.0,3327.68,6.0
1768465558458,3329.48,6.0,3327.73,6.0
1768465558559,3329.57,6.0,3327.82,6.0
1768465558664,3329.6,6.0,3327.85,6.0
1768465558775,3329.75,6.0,3328.0,6.0
1768465558992,3329.71,6.0,3327.96,6.0
1768465559215,3329.66,6.0,3327.91,6.0
1768465559672,3329.65,6.0,3327.9,6.0
1768465559794,3329.64,6.0,3327.89,6.0
1768465559915,3329.6,6.0,3327.85,6.0
1768465559989,3329.45,6.0,3327.7,6.0
1768465560097,3329.43,6.0,3327.68,6.0
1768465560204,3329.35,6.0,3327.6,6.0
1768465560335,3329.34,6.0,3327.59,6.0
1768465560438,3329.42,6.0,3327.67,6.0
1768465560551,3329.4,6.0,3327.65,6.0
1768465561075,3329.43,6.0,3327.68,6.0
1768465561198,3329.42,6.0,3327.67,6.0
1768465561729,3329.35,6.0,3327.6,6.0
1768465561988,3329.27,6.0,3327.52,6.0
1768465562083,3328.95,6.0,3327.2,6.0
1768465562231,3328.75,6.0,3327.0,6.0
1768465562341,3328.81,6.0,3327.06,6.0
1768465562446,3328.79,6.0,3327.04,6.0
1768465562563,3328.81,6.0,3327.06,6.0
1768465562685,3328.79,6.0,3327.04,6.0
1768465562831,3328.78,6.0,3327.03,6.0
1768465563061,3328.79,6.0,3327.04,6.0
1768465563447,3328.77,6.0,3327.02,6.0
1768465563565,3328.76,6.0,3327.01,6.0
1768465563704,3328.77,6.0,3327.02,6.0
1768465566270,3328.79,6.0,3327.04,6.0
1768465566445,3328.77,6.0,3327.02,6.0
1768465566777,3328.8,6.0,3327.05,6.0
1768465566894,3328.79,6.0,3327.04,6.0
1768465567295,3328.77,6.0,3327.02,6.0
1768465567474,3328.64,6.0,3326.89,6.0
1768465567599,3328.6,6.0,3326.85,6.0
1768465567807,3328.49,6.0,3326.74,6.0
1768465567926,3328.4,6.0,3326.65,6.0
1768465567959,3328.27,6.0,3326.52,6.0
1768465568106,3328.39,6.0,3326.64,6.0
1768465568354,3328.4,6.0,3326.65,6.0
1768465568475,3328.45,6.0,3326.7,6.0
1768465568705,3328.41,6.0,3326.66,6.0
1768465568825,3328.4,6.0,3326.65,6.0
1768465568944,3328.41,6.0,3326.66,6.0
1768465569066,3328.42,6.0,3326.67,6.0
1768465569178,3328.4,6.0,3326.65,6.0
1768465570469,3328.23,6.0,3326.48,6.0
1768465570590,3328.12,6.0,3326.37,6.0
1768465570693,3328.15,6.0,3326.4,6.0
1768465570794,3328.13,6.0,3326.38,6.0
1768465571155,3328.11,6.0,3326.36,6.0
1768465571374,3328.13,6.0,3326.38,6.0
1768465571716,3328.2,6.0,3326.45,6.0
1768465571825,3328.18,6.0,3326.43,6.0
1768465572003,3328.13,6.0,3326.38,6.0
1768465572505,3328.11,6.0,3326.36,6.0
1768465572907,3328.02,6.0,3326.27,6.0
1768465573014,3328.03,6.0,3326.28,6.0
1768465573163,3328.11,6.0,3326.36,6.0
1768465573656,3328.15,6.0,3326.4,6.0
1768465573769,3328.23,6.0,3326.48,6.0
1768465573883,3328.17,6.0,3326.42,6.0
1768465573990,3328.11,6.0,3326.36,6.0
1768465575017,3327.95,6.0,3326.2,6.0
1768465575154,3327.93,6.0,3326.18,6.0
1768465575201,3327.83,6.0,3326.08,6.0
1768465575304,3327.87,6.0,3326.12,6.0
1768465575405,3327.79,6.0,3326.04,6.0
1768465575535,3327.82,6.0,3326.07,6.0
1768465575596,3327.7,6.0,3325.95,6.0
1768465575699,3327.66,6.0,3325.91,6.0
1768465575807,3327.64,6.0,3325.89,6.0
1768465575956,3327.63,6.0,3325.88,6.0
1768465576096,3327.64,6.0,3325.89,6.0
1768465576198,3327.56,6.0,3325.81,6.0
1768465576403,3327.48,6.0,3325.73,6.0
1768465576516,3327.45,6.0,3325.7,6.0
1768465576639,3327.49,6.0,3325.74,6.0
1768465576740,3327.48,6.0,3325.73,6.0
1768465576866,3327.45,6.0,3325.7,6.0
1768465576987,3327.39,6.0,3325.64,6.0
1768465577113,3327.47,6.0,3325.72,6.0
1768465577146,3327.56,6.0,3325.81,6.0
1768465577264,3327.53,6.0,3325.78,6.0
1768465577604,3327.49,6.0,3325.74,6.0
1768465578245,3327.42,6.0,3325.67,6.0
1768465578453,3327.48,6.0,3325.73,6.0
1768465579302,3327.57,6.0,3325.82,6.0
1768465579475,3327.53,6.0,3325.78,6.0
1768465579618,3327.49,6.0,3325.74,6.0
1768465579722,3327.45,6.0,3325.7,6.0
1768465579748,3327.31,6.0,3325.56,6.0
1768465579901,3327.35,6.0,3325.6,6.0
1768465580149,3327.39,6.0,3325.64,6.0
1768465580255,3327.28,6.0,3325.53,6.0
1768465580482,3327.31,6.0,3325.56,6.0
1768465580605,3327.19,6.0,3325.44,6.0
1768465580716,3327.25,6.0,3325.5,6.0
1768465580826,3327.29,6.0,3325.54,6.0
1768465581051,3327.13,6.0,3325.38,6.0
1768465581181,3327.06,6.0,3325.31,6.0
1768465581308,3327.12,6.0,3325.37,6.0
1768465581435,3327.1,6.0,3325.35,6.0
1768465581544,3327.09,6.0,3325.34,6.0
1768465581654,3327.13,6.0,3325.38,6.0
1768465581895,3327.11,6.0,3325.36,6.0
1768465582968,3327.14,6.0,3325.39,6.0
1768465583235,3327.17,6.0,3325.42,6.0
1768465583339,3327.19,6.0,3325.44,6.0
1768465583445,3327.22,6.0,3325.47,6.0
1768465583799,3327.21,6.0,3325.46,6.0
1768465583906,3327.2,6.0,3325.45,6.0
1768465584045,3327.19,6.0,3325.44,6.0
1768465584185,3327.15,6.0,3325.4,6.0
1768465584290,3327.08,6.0,3325.33,6.0
1768465584405,3327.13,6.0,3325.38,6.0
1768465584650,3327.12,6.0,3325.37,6.0
1768465584996,3327.16,6.0,3325.41,6.0
1768465585124,3327.14,6.0,3325.39,6.0
1768465585405,3327.13,6.0,3325.38,6.0
1768465585637,3327.16,6.0,3325.41,6.0
1768465585747,3327.15,6.0,3325.4,6.0
1768465586136,3327.14,6.0,3325.39,6.0
1768465586356,3327.13,6.0,3325.38,6.0
1768465586484,3327.14,6.0,3325.39,6.0
1768465586604,3327.17,6.0,3325.42,6.0
1768465586761,3327.14,6.0,3325.39,6.0
1768465587873,3327.16,6.0,3325.41,6.0
1768465588347,3327.14,6.0,3325.39,6.0
1768465589175,3327.22,6.0,3325.47,6.0
1768465589284,3327.21,6.0,3325.46,6.0
1768465589394,3327.19,6.0,3325.44,6.0
1768465589628,3327.22,6.0,3325.47,6.0
1768465589744,3327.21,6.0,3325.46,6.0
1768465590254,3327.19,6.0,3325.44,6.0
1768465590495,3327.28,6.0,3325.53,6.0
1768465590605,3327.26,6.0,3325.51,6.0
1768465590724,3327.27,6.0,3325.52,6.0
1768465590849,3327.24,6.0,3325.49,6.0
1768465592315,3327.23,6.0,3325.48,6.0
1768465592555,3327.22,6.0,3325.47,6.0
1768465592724,3327.21,6.0,3325.46,6.0
1768465592951,3327.15,6.0,3325.4,6.0
1768465593084,3327.14,6.0,3325.39,6.0
1768465593209,3327.15,6.0,3325.4,6.0
1768465593759,3327.09,6.0,3325.34,6.0
1768465593886,3326.98,6.0,3325.23,6.0
1768465593993,3327.01,6.0,3325.26,6.0
1768465594596,3327.0,6.0,3325.25,6.0
1768465594700,3327.01,6.0,3325.26,6.0
1768465594814,3327.03,6.0,3325.28,6.0
1768465595144,3327.0,6.0,3325.25,6.0
1768465595947,3326.99,6.0,3325.24,6.0
1768465596048,3326.95,6.0,3325.2,6.0
1768465596159,3326.98,6.0,3325.23,6.0
1768465596272,3327.01,6.0,3325.26,6.0
1768465596404,3326.98,6.0,3325.23,6.0
1768465596506,3326.99,6.0,3325.24,6.0
1768465597632,3326.98,6.0,3325.23,6.0
1768465598994,3326.99,6.0,3325.24,6.0
1768465599228,3326.98,6.0,3325.23,6.0
1768465599550,3326.99,6.0,3325.24,6.0
1768465599897,3326.98,6.0,3325.23,6.0
1768465600129,3326.94,6.0,3325.19,6.0
1768465600207,3326.81,6.0,3325.06,6.0
1768465600310,3326.75,6.0,3325.0,6.0
1768465600435,3326.71,6.0,3324.96,6.0
1768465600554,3326.73,6.0,3324.98,6.0
1768465600677,3326.71,6.0,3324.96,6.0
1768465601185,3326.59,6.0,3324.84,6.0
1768465601304,3326.56,6.0,3324.81,6.0
1768465601418,3326.48,6.0,3324.73,6.0
1768465601645,3326.56,6.0,3324.81,6.0
1768465604195,3326.58,6.0,3324.83,6.0
1768465604324,3326.37,6.0,3324.62,6.0
1768465604412,3326.2,6.0,3324.45,6.0
1768465604518,3326.24,6.0,3324.49,6.0
1768465604638,3326.21,6.0,3324.46,6.0
1768465604765,3326.19,6.0,3324.44,6.0
1768465604895,3326.2,6.0,3324.45,6.0
1768465605004,3326.21,6.0,3324.46,6.0
1768465605119,3326.25,6.0,3324.5,6.0
1768465605275,3326.24,6.0,3324.49,6.0
1768465605534,3326.17,6.0,3324.42,6.0
1768465605615,3326.05,6.0,3324.3,6.0
1768465605724,3326.13,6.0,3324.38,6.0
1768465605840,3326.19,6.0,3324.44,6.0
1768465606074,3326.14,6.0,3324.39,6.0
1768465606535,3326.05,6.0,3324.3,6.0
1768465606654,3326.08,6.0,3324.33,6.0
1768465606894,3326.17,6.0,3324.42,6.0
1768465607050,3326.15,6.0,3324.4,6.0
1768465607174,3326.05,6.0,3324.3,6.0
1768465607279,3326.07,6.0,3324.32,6.0
1768465607337,3326.2,6.0,3324.45,6.0
1768465607464,3326.17,6.0,3324.42,6.0
1768465608005,3326.12,6.0,3324.37,6.0
1768465608142,3326.11,6.0,3324.36,6.0
1768465608254,3326.14,6.0,3324.39,6.0
1768465608546,3326.12,6.0,3324.37,6.0
1768465608759,3326.03,6.0,3324.28,6.0
1768465608894,3326.07,6.0,3324.32,6.0
1768465609124,3326.17,6.0,3324.42,6.0
1768465609690,3326.12,6.0,3324.37,6.0
1768465610084,3326.04,6.0,3324.29,6.0
1768465610187,3325.97,6.0,3324.22,6.0
1768465610427,3326.02,6.0,3324.27,6.0
1768465610659,3326.0,6.0,3324.25,6.0
1768465611015,3325.88,6.0,3324.13,6.0
1768465611075,3325.71,6.0,3323.96,6.0
1768465611200,3325.68,6.0,3323.93,6.0
1768465611287,3325.82,6.0,3324.07,6.0
1768465611415,3325.81,6.0,3324.06,6.0
1768465611541,3325.83,6.0,3324.08,6.0
1768465611645,3325.87,6.0,3324.12,6.0
1768465612379,3325.86,6.0,3324.11,6.0
1768465612514,3325.84,6.0,3324.09,6.0
1768465612638,3325.8,6.0,3324.05,6.0
1768465613351,3325.84,6.0,3324.09,6.0
1768465613604,3325.8,6.0,3324.05,6.0
1768465614485,3325.84,6.0,3324.09,6.0
1768465614674,3325.82,6.0,3324.07,6.0
1768465615084,3325.92,6.0,3324.17,6.0
1768465615194,3325.9,6.0,3324.15,6.0
1768465615315,3325.88,6.0,3324.13,6.0
1768465615434,3325.87,6.0,3324.12,6.0
1768465615536,3325.88,6.0,3324.13,6.0
1768465615666,3325.89,6.0,3324.14,6.0
1768465615786,3325.88,6.0,3324.13,6.0
1768465616635,3325.87,6.0,3324.12,6.0
1768465616804,3325.93,6.0,3324.18,6.0
1768465616915,3325.9,6.0,3324.15,6.0
1768465617364,3325.86,6.0,3324.11,6.0
1768465617490,3325.85,6.0,3324.1,6.0
1768465618497,3325.93,6.0,3324.18,6.0
1768465618685,3325.9,6.0,3324.15,6.0
1768465618805,3325.87,6.0,3324.12,6.0
1768465618918,3325.9,6.0,3324.15,6.0
1768465619065,3325.91,6.0,3324.16,6.0
1768465619245,3325.87,6.0,3324.12,6.0
1768465620325,3325.85,6.0,3324.1,6.0
1768465621322,3325.93,6.0,3324.18,6.0
1768465621580,3325.9,6.0,3324.15,6.0
1768465621690,3325.87,6.0,3324.12,6.0
1768465623231,3325.85,6.0,3324.1,6.0
1768465624182,3325.93,6.0,3324.18,6.0
1768465624284,3325.9,6.0,3324.15,6.0
1768465624566,3325.87,6.0,3324.12,6.0
1768465626600,3325.85,6.0,3324.1,6.0
1768465626825,3325.89,6.0,3324.14,6.0
1768465626976,3325.93,6.0,3324.18,6.0
1768465627084,3325.85,6.0,3324.1,6.0
1768465627945,3325.93,6.0,3324.18,6.0
1768465628059,3325.89,6.0,3324.14,6.0
1768465628396,3325.93,6.0,3324.18,6.0
1768465628565,3325.9,6.0,3324.15,6.0
1768465628776,3325.93,6.0,3324.18,6.0
1768465628989,3325.91,6.0,3324.16,6.0
1768465629091,3325.93,6.0,3324.18,6.0
1768465629174,3326.12,6.0,3324.37,6.0
1768465629302,3326.16,6.0,3324.41,6.0
1768465629408,3326.17,6.0,3324.42,6.0
1768465629535,3326.22,6.0,3324.47,6.0
1768465629856,3326.17,6.0,3324.42,6.0
1768465630655,3326.14,6.0,3324.39,6.0
1768465630876,3326.1,6.0,3324.35,6.0
1768465630987,3326.02,6.0,3324.27,6.0
1768465631093,3325.99,6.0,3324.24,6.0
1768465631234,3325.9,6.0,3324.15,6.0
1768465631236,3325.79,6.0,3324.04,6.0
1768465631354,3325.85,6.0,3324.1,6.0
1768465631475,3325.92,6.0,3324.17,6.0
1768465631707,3325.91,6.0,3324.16,6.0
1768465631817,3325.92,6.0,3324.17,6.0
1768465632368,3325.91,6.0,3324.16,6.0
1768465632488,3325.88,6.0,3324.13,6.0
1768465632775,3325.9,6.0,3324.15,6.0
1768465632883,3325.91,6.0,3324.16,6.0
1768465633574,3325.97,6.0,3324.22,6.0
1768465633735,3325.91,6.0,3324.16,6.0
1768465635059,3325.97,6.0,3324.22,6.0
1768465635173,3325.94,6.0,3324.19,6.0
1768465635664,3325.91,6.0,3324.16,6.0
1768465635800,3325.98,6.0,3324.23,6.0
1768465636014,3325.91,6.0,3324.16,6.0
1768465636124,3325.94,6.0,3324.19,6.0
1768465636235,3326.04,6.0,3324.29,6.0
1768465636411,3325.84,6.0,3324.09,6.0
1768465636525,3325.83,6.0,3324.08,6.0
1768465636635,3325.84,6.0,3324.09,6.0
1768465636689,3325.93,6.0,3324.18,6.0
1768465636906,3325.89,6.0,3324.14,6.0
1768465637010,3325.88,6.0,3324.13,6.0
1768465637126,3325.94,6.0,3324.19,6.0
1768465637235,3325.92,6.0,3324.17,6.0
1768465637455,3325.89,6.0,3324.14,6.0
1768465637557,3325.8,6.0,3324.05,6.0
1768465637675,3325.83,6.0,3324.08,6.0
1768465637706,3325.94,6.0,3324.19,6.0
1768465637814,3325.89,6.0,3324.14,6.0
1768465638032,3325.91,6.0,3324.16,6.0
1768465638265,3325.89,6.0,3324.14,6.0
1768465639096,3325.94,6.0,3324.19,6.0
1768465639202,3325.95,6.0,3324.2,6.0
1768465639324,3325.93,6.0,3324.18,6.0
1768465639641,3325.91,6.0,3324.16,6.0
1768465640302,3325.95,6.0,3324.2,6.0
1768465640534,3325.93,6.0,3324.18,6.0
1768465640645,3326.08,6.0,3324.33,6.0
1768465640749,3326.22,6.0,3324.47,6.0
1768465640970,3326.31,6.0,3324.56,6.0
1768465641006,3326.21,6.0,3324.46,6.0
1768465641106,3326.26,6.0,3324.51,6.0
1768465641209,3326.39,6.0,3324.64,6.0
1768465641342,3326.36,6.0,3324.61,6.0
1768465641465,3326.31,6.0,3324.56,6.0
1768465642147,3326.4,6.0,3324.65,6.0
1768465642275,3326.36,6.0,3324.61,6.0
1768465642394,3326.33,6.0,3324.58,6.0
1768465643801,3326.42,6.0,3324.67,6.0
1768465643901,3326.45,6.0,3324.7,6.0
1768465644045,3326.46,6.0,3324.71,6.0
1768465644261,3326.6,6.0,3324.85,6.0
1768465644404,3326.57,6.0,3324.82,6.0
1768465644507,3326.65,6.0,3324.9,6.0
1768465644745,3326.6,6.0,3324.85,6.0
1768465645335,3326.58,6.0,3324.83,6.0
1768465645439,3326.59,6.0,3324.84,6.0
1768465645542,3326.68,6.0,3324.93,6.0
1768465645675,3326.65,6.0,3324.9,6.0
1768465645845,3326.64,6.0,3324.89,6.0
1768465645968,3326.6,6.0,3324.85,6.0
1768465646544,3326.61,6.0,3324.86,6.0
1768465647201,3326.53,6.0,3324.78,6.0
1768465647346,3326.46,6.0,3324.71,6.0
1768465647459,3326.5,6.0,3324.75,6.0
1768465647805,3326.55,6.0,3324.8,6.0
1768465648036,3326.53,6.0,3324.78,6.0
1768465648321,3326.59,6.0,3324.84,6.0
1768465648446,3326.56,6.0,3324.81,6.0
1768465648965,3326.53,6.0,3324.78,6.0
1768465650326,3326.59,6.0,3324.84,6.0
1768465650429,3326.56,6.0,3324.81,6.0
1768465650559,3326.55,6.0,3324.8,6.0
1768465650778,3326.52,6.0,3324.77,6.0
1768465650895,3326.53,6.0,3324.78,6.0
1768465651685,3326.52,6.0,3324.77,6.0
1768465652035,3326.5,6.0,3324.75,6.0
1768465653657,3326.51,6.0,3324.76,6.0
1768465653774,3326.5,6.0,3324.75,6.0
1768465656976,3326.52,6.0,3324.77,6.0
1768465657835,3326.5,6.0,3324.75,6.0
1768465658400,3326.52,6.0,3324.77,6.0
1768465658545,3326.54,6.0,3324.79,6.0
1768465658646,3326.52,6.0,3324.77,6.0
1768465660490,3326.51,6.0,3324.76,6.0
1768465663095,3326.52,6.0,3324.77,6.0
1768465663999,3326.5,6.0,3324.75,6.0
1768465664235,3326.49,6.0,3324.74,6.0
1768465664725,3326.47,6.0,3324.72,6.0
1768465665561,3326.46,6.0,3324.71,6.0
1768465665662,3326.45,6.0,3324.7,6.0
1768465665767,3326.44,6.0,3324.69,6.0
1768465665874,3326.42,6.0,3324.67,6.0
1768465666145,3326.43,6.0,3324.68,6.0
1768465666253,3326.42,6.0,3324.67,6.0
1768465666378,3326.34,6.0,3324.59,6.0
1768465666615,3326.38,6.0,3324.63,6.0
1768465666723,3326.39,6.0,3324.64,6.0
1768465666844,3326.38,6.0,3324.63,6.0
1768465667691,3326.31,6.0,3324.56,6.0
1768465667758,3326.14,6.0,3324.39,6.0
1768465667860,3326.02,6.0,3324.27,6.0
1768465667975,3325.89,6.0,3324.14,6.0
1768465668069,3326.0,6.0,3324.25,6.0
1768465668184,3326.05,6.0,3324.3,6.0
1768465668538,3326.02,6.0,3324.27,6.0
1768465668814,3326.01,6.0,3324.26,6.0
1768465669379,3326.02,6.0,3324.27,6.0
1768465669726,3326.03,6.0,3324.28,6.0
1768465669955,3326.02,6.0,3324.27,6.0
1768465670519,3326.03,6.0,3324.28,6.0
1768465670975,3326.02,6.0,3324.27,6.0
1768465672455,3326.0,6.0,3324.25,6.0
1768465672574,3325.99,6.0,3324.24,6.0
1768465672684,3326.01,6.0,3324.26,6.0
1768465672805,3326.03,6.0,3324.28,6.0
1768465672914,3326.01,6.0,3324.26,6.0
1768465674488,3326.03,6.0,3324.28,6.0
1768465674605,3326.15,6.0,3324.4,6.0
1768465674706,3326.28,6.0,3324.53,6.0
1768465674845,3326.24,6.0,3324.49,6.0
1768465674955,3326.19,6.0,3324.44,6.0
1768465675114,3326.23,6.0,3324.48,6.0
1768465675780,3326.2,6.0,3324.45,6.0
1768465675881,3326.25,6.0,3324.5,6.0
1768465676026,3326.21,6.0,3324.46,6.0
1768465676133,3326.29,6.0,3324.54,6.0
1768465676338,3326.25,6.0,3324.5,6.0
1768465676478,3326.22,6.0,3324.47,6.0
1768465676586,3326.25,6.0,3324.5,6.0
1768465676815,3326.31,6.0,3324.56,6.0
1768465676916,3326.38,6.0,3324.63,6.0
1768465677026,3326.37,6.0,3324.62,6.0
1768465677127,3326.38,6.0,3324.63,6.0
1768465677625,3326.36,6.0,3324.61,6.0
1768465677996,3326.4,6.0,3324.65,6.0
1768465678768,3326.36,6.0,3324.61,6.0
1768465680457,3326.35,6.0,3324.6,6.0
1768465680559,3326.31,6.0,3324.56,6.0
1768465680665,3326.24,6.0,3324.49,6.0
1768465680739,3326.1,6.0,3324.35,6.0
1768465680866,3326.0,6.0,3324.25,6.0
1768465680978,3326.01,6.0,3324.26,6.0
1768465681127,3326.02,6.0,3324.27,6.0
1768465681244,3326.0,6.0,3324.25,6.0
1768465681353,3326.01,6.0,3324.26,6.0
1768465681593,3326.02,6.0,3324.27,6.0
1768465681705,3326.03,6.0,3324.28,6.0
1768465682109,3326.02,6.0,3324.27,6.0
1768465682213,3325.89,6.0,3324.14,6.0
1768465682315,3325.95,6.0,3324.2,6.0
1768465682434,3325.91,6.0,3324.16,6.0
1768465683015,3325.99,6.0,3324.24,6.0
1768465683125,3325.98,6.0,3324.23,6.0
1768465683405,3325.99,6.0,3324.24,6.0
1768465683733,3325.91,6.0,3324.16,6.0
1768465684172,3325.97,6.0,3324.22,6.0
1768465684677,3325.99,6.0,3324.24,6.0
1768465685065,3325.98,6.0,3324.23,6.0
1768465685303,3325.89,6.0,3324.14,6.0
1768465685535,3325.96,6.0,3324.21,6.0
1768465685647,3325.98,6.0,3324.23,6.0
1768465685815,3325.99,6.0,3324.24,6.0
1768465686064,3325.97,6.0,3324.22,6.0
1768465686763,3325.99,6.0,3324.24,6.0
1768465687044,3325.97,6.0,3324.22,6.0
1768465687136,3325.82,6.0,3324.07,6.0
1768465687205,3325.68,6.0,3323.93,6.0
1768465687322,3325.69,6.0,3323.94,6.0
1768465687555,3325.67,6.0,3323.92,6.0
1768465687664,3325.64,6.0,3323.89,6.0
1768465687667,3325.52,6.0,3323.77,6.0
1768465687794,3325.51,6.0,3323.76,6.0
1768465688094,3325.52,6.0,3323.77,6.0
1768465688204,3325.53,6.0,3323.78,6.0
1768465688546,3325.52,6.0,3323.77,6.0
1768465688656,3325.53,6.0,3323.78,6.0
1768465688836,3325.52,6.0,3323.77,6.0
1768465689136,3325.5,6.0,3323.75,6.0
1768465689236,3325.42,6.0,3323.67,6.0
1768465689354,3325.48,6.0,3323.73,6.0
1768465689465,3325.47,6.0,3323.72,6.0
1768465689584,3325.39,6.0,3323.64,6.0
1768465689698,3325.37,6.0,3323.62,6.0
1768465689727,3325.48,6.0,3323.73,6.0
1768465689859,3325.5,6.0,3323.75,6.0
1768465689973,3325.51,6.0,3323.76,6.0
1768465690257,3325.49,6.0,3323.74,6.0
1768465693143,3325.52,6.0,3323.77,6.0
1768465693484,3325.51,6.0,3323.76,6.0
1768465693998,3325.5,6.0,3323.75,6.0
1768465694214,3325.49,6.0,3323.74,6.0
1768465694775,3325.52,6.0,3323.77,6.0
1768465694899,3325.5,6.0,3323.75,6.0
1768465695054,3325.49,6.0,3323.74,6.0
1768465695289,3325.38,6.0,3323.63,6.0
1768465695514,3325.49,6.0,3323.74,6.0
1768465695734,3325.46,6.0,3323.71,6.0
1768465695956,3325.43,6.0,3323.68,6.0
1768465696184,3325.33,6.0,3323.58,6.0
1768465696408,3325.4,6.0,3323.65,6.0
1768465696525,3325.23,6.0,3323.48,6.0
1768465696632,3325.17,6.0,3323.42,6.0
1768465696686,3325.3,6.0,3323.55,6.0
1768465696845,3325.28,6.0,3323.53,6.0
1768465696956,3325.25,6.0,3323.5,6.0
1768465697204,3325.23,6.0,3323.48,6.0
1768465698222,3325.22,6.0,3323.47,6.0
1768465698685,3325.16,6.0,3323.41,6.0
1768465698790,3325.2,6.0,3323.45,6.0
1768465699039,3325.22,6.0,3323.47,6.0
1768465699274,3325.21,6.0,3323.46,6.0
1768465699725,3325.22,6.0,3323.47,6.0
1768465700108,3325.23,6.0,3323.48,6.0
1768465700234,3325.25,6.0,3323.5,6.0
1768465700466,3325.24,6.0,3323.49,6.0
1768465700591,3325.22,6.0,3323.47,6.0
1768465701081,3325.23,6.0,3323.48,6.0
1768465701197,3325.24,6.0,3323.49,6.0
1768465701301,3325.22,6.0,3323.47,6.0
1768465702755,3325.25,6.0,3323.5,6.0
1768465703095,3325.24,6.0,3323.49,6.0
1768465704118,3325.23,6.0,3323.48,6.0
1768465704242,3325.24,6.0,3323.49,6.0
1768465704450,3325.23,6.0,3323.48,6.0
1768465704794,3325.21,6.0,3323.46,6.0
1768465706008,3324.89,6.0,3323.14,6.0
1768465706099,3324.55,6.0,3322.8,6.0
1768465706202,3324.51,6.0,3322.76,6.0
1768465706312,3324.53,6.0,3322.78,6.0
1768465706417,3324.51,6.0,3322.76,6.0
1768465706644,3324.49,6.0,3322.74,6.0
1768465706886,3324.46,6.0,3322.71,6.0
1768465707793,3324.36,6.0,3322.61,6.0
1768465707894,3324.29,6.0,3322.54,6.0
1768465708014,3324.27,6.0,3322.52,6.0
1768465708043,3324.45,6.0,3322.7,6.0
1768465708164,3324.41,6.0,3322.66,6.0
1768465708394,3324.35,6.0,3322.6,6.0
1768465709205,3324.38,6.0,3322.63,6.0
1768465709324,3324.37,6.0,3322.62,6.0
1768465709427,3324.36,6.0,3322.61,6.0
1768465709544,3324.35,6.0,3322.6,6.0
1768465710217,3324.37,6.0,3322.62,6.0
1768465710404,3324.36,6.0,3322.61,6.0
1768465710630,3324.37,6.0,3322.62,6.0
1768465711342,3324.3,6.0,3322.55,6.0
1768465711456,3324.29,6.0,3322.54,6.0
1768465711694,3324.36,6.0,3322.61,6.0
1768465711800,3324.37,6.0,3322.62,6.0
1768465711917,3324.36,6.0,3322.61,6.0
1768465712716,3324.34,6.0,3322.59,6.0
1768465712824,3324.35,6.0,3322.6,6.0
1768465713275,3324.33,6.0,3322.58,6.0
1768465713599,3324.37,6.0,3322.62,6.0
1768465713844,3324.35,6.0,3322.6,6.0
1768465714058,3324.38,6.0,3322.63,6.0
1768465714164,3324.37,6.0,3322.62,6.0
1768465714487,3324.29,6.0,3322.54,6.0
1768465714709,3324.2,6.0,3322.45,6.0
1768465714823,3324.25,6.0,3322.5,6.0
1768465714925,3324.32,6.0,3322.57,6.0
1768465715148,3324.34,6.0,3322.59,6.0
1768465715387,3324.17,6.0,3322.42,6.0
1768465715495,3324.25,6.0,3322.5,6.0
1768465715605,3324.35,6.0,3322.6,6.0
1768465715735,3324.33,6.0,3322.58,6.0
1768465715864,3324.31,6.0,3322.56,6.0
1768465715995,3324.29,6.0,3322.54,6.0
1768465716096,3324.3,6.0,3322.55,6.0
1768465716325,3324.31,6.0,3322.56,6.0
1768465717115,3324.27,6.0,3322.52,6.0
1768465717341,3324.28,6.0,3322.53,6.0
1768465717975,3324.31,6.0,3322.56,6.0
1768465718100,3324.29,6.0,3322.54,6.0
1768465718202,3324.28,6.0,3322.53,6.0
1768465718322,3324.29,6.0,3322.54,6.0
1768465718450,3324.34,6.0,3322.59,6.0
1768465718569,3324.37,6.0,3322.62,6.0
1768465718684,3324.32,6.0,3322.57,6.0
1768465718915,3324.37,6.0,3322.62,6.0
1768465719025,3324.35,6.0,3322.6,6.0
1768465719128,3324.32,6.0,3322.57,6.0
1768465719254,3324.33,6.0,3322.58,6.0
1768465719364,3324.34,6.0,3322.59,6.0
1768465719474,3324.33,6.0,3322.58,6.0
1768465719584,3324.32,6.0,3322.57,6.0
1768465719694,3324.31,6.0,3322.56,6.0
1768465719814,3324.2,6.0,3322.45,6.0
1768465719956,3324.3,6.0,3322.55,6.0
1768465720105,3324.31,6.0,3322.56,6.0
1768465720225,3324.3,6.0,3322.55,6.0
1768465720574,3324.29,6.0,3322.54,6.0
1768465720915,3324.3,6.0,3322.55,6.0
1768465722659,3324.31,6.0,3322.56,6.0
1768465723490,3324.3,6.0,3322.55,6.0
1768465724167,3324.29,6.0,3322.54,6.0
1768465724394,3324.28,6.0,3322.53,6.0
1768465724615,3324.27,6.0,3322.52,6.0
1768465724987,3324.3,6.0,3322.55,6.0
1768465725092,3324.29,6.0,3322.54,6.0
1768465725489,3324.27,6.0,3322.52,6.0
1768465726269,3324.26,6.0,3322.51,6.0
1768465726495,3324.17,6.0,3322.42,6.0
1768465726605,3324.16,6.0,3322.41,6.0
1768465726725,3324.23,6.0,3322.48,6.0
1768465726893,3324.24,6.0,3322.49,6.0
1768465727005,3324.27,6.0,3322.52,6.0
1768465727238,3324.25,6.0,3322.5,6.0
1768465727736,3324.24,6.0,3322.49,6.0
1768465728095,3324.26,6.0,3322.51,6.0
1768465728214,3324.08,6.0,3322.33,6.0
1768465728226,3323.97,6.0,3322.22,6.0
1768465728329,3324.03,6.0,3322.28,6.0
1768465728445,3324.14,6.0,3322.39,6.0
1768465728674,3324.11,6.0,3322.36,6.0
1768465728944,3324.12,6.0,3322.37,6.0
1768465729176,3324.05,6.0,3322.3,6.0
1768465729636,3324.1,6.0,3322.35,6.0
1768465729984,3324.09,6.0,3322.34,6.0
1768465730241,3323.95,6.0,3322.2,6.0
1768465730348,3323.98,6.0,3322.23,6.0
1768465730495,3324.01,6.0,3322.26,6.0
1768465730506,3324.09,6.0,3322.34,6.0
1768465730664,3324.07,6.0,3322.32,6.0
1768465731446,3324.05,6.0,3322.3,6.0
1768465731565,3323.97,6.0,3322.22,6.0
1768465731793,3324.01,6.0,3322.26,6.0
1768465731905,3324.0,6.0,3322.25,6.0
1768465732125,3323.93,6.0,3322.18,6.0
1768465732342,3323.97,6.0,3322.22,6.0
1768465732474,3323.99,6.0,3322.24,6.0
1768465733006,3324.0,6.0,3322.25,6.0
1768465733111,3323.87,6.0,3322.12,6.0
1768465733265,3323.85,6.0,3322.1,6.0
1768465733345,3323.97,6.0,3322.22,6.0
1768465733955,3324.02,6.0,3322.27,6.0
1768465734185,3324.01,6.0,3322.26,6.0
1768465735541,3324.02,6.0,3322.27,6.0
1768465735654,3324.03,6.0,3322.28,6.0
1768465736004,3324.04,6.0,3322.29,6.0
1768465736115,3324.05,6.0,3322.3,6.0
1768465736234,3324.02,6.0,3322.27,6.0
1768465738885,3324.05,6.0,3322.3,6.0
1768465739004,3324.04,6.0,3322.29,6.0
1768465739234,3324.03,6.0,3322.28,6.0
1768465739585,3324.01,6.0,3322.26,6.0
1768465740164,3323.96,6.0,3322.21,6.0
1768465740665,3324.16,6.0,3322.41,6.0
1768465740764,3324.46,6.0,3322.71,6.0
1768465740881,3324.54,6.0,3322.79,6.0
1768465740986,3324.49,6.0,3322.74,6.0
1768465741127,3324.64,6.0,3322.89,6.0
1768465741233,3324.65,6.0,3322.9,6.0
1768465741336,3324.61,6.0,3322.86,6.0
1768465741578,3324.58,6.0,3322.83,6.0
1768465741683,3324.54,6.0,3322.79,6.0
1768465741745,3324.4,6.0,3322.65,6.0
1768465741855,3324.42,6.0,3322.67,6.0
1768465741974,3324.43,6.0,3322.68,6.0
1768465742104,3324.42,6.0,3322.67,6.0
1768465742400,3324.48,6.0,3322.73,6.0
1768465742654,3324.42,6.0,3322.67,6.0
1768465743607,3324.35,6.0,3322.6,6.0
1768465743854,3324.4,6.0,3322.65,6.0
1768465744207,3324.44,6.0,3322.69,6.0
1768465744391,3324.29,6.0,3322.54,6.0
1768465745215,3324.3,6.0,3322.55,6.0
1768465745456,3324.29,6.0,3322.54,6.0
1768465746074,3324.17,6.0,3322.42,6.0
1768465746256,3324.27,6.0,3322.52,6.0
1768465746365,3324.26,6.0,3322.51,6.0
1768465746485,3324.27,6.0,3322.52,6.0
1768465746608,3324.25,6.0,3322.5,6.0
1768465747070,3324.26,6.0,3322.51,6.0
1768465747174,3324.27,6.0,3322.52,6.0
1768465747275,3324.26,6.0,3322.51,6.0
1768465747856,3324.24,6.0,3322.49,6.0
1768465747975,3324.23,6.0,3322.48,6.0
1768465749235,3324.22,6.0,3322.47,6.0
1768465749345,3324.16,6.0,3322.41,6.0
1768465749403,3323.99,6.0,3322.24,6.0
1768465749527,3323.97,6.0,3322.22,6.0
1768465749629,3323.96,6.0,3322.21,6.0
1768465749749,3323.93,6.0,3322.18,6.0
1768465749875,3323.94,6.0,3322.19,6.0
1768465750290,3323.91,6.0,3322.16,6.0
1768465750406,3323.93,6.0,3322.18,6.0
1768465750524,3323.92,6.0,3322.17,6.0
1768465750644,3323.86,6.0,3322.11,6.0
1768465750758,3323.81,6.0,3322.06,6.0
1768465750875,3323.84,6.0,3322.09,6.0
1768465750895,3323.96,6.0,3322.21,6.0
1768465751018,3323.94,6.0,3322.19,6.0
1768465751164,3323.92,6.0,3322.17,6.0
1768465751395,3323.95,6.0,3322.2,6.0
1768465751504,3323.94,6.0,3322.19,6.0
1768465751885,3323.92,6.0,3322.17,6.0
1768465752230,3323.96,6.0,3322.21,6.0
1768465752344,3323.94,6.0,3322.19,6.0
1768465752445,3323.91,6.0,3322.16,6.0
1768465755184,3323.9,6.0,3322.15,6.0
1768465755425,3323.85,6.0,3322.1,6.0
1768465755530,3323.9,6.0,3322.15,6.0
1768465755661,3323.87,6.0,3322.12,6.0
1768465756005,3323.84,6.0,3322.09,6.0
1768465756395,3323.9,6.0,3322.15,6.0
1768465756626,3323.84,6.0,3322.09,6.0
1768465757644,3323.9,6.0,3322.15,6.0
1768465757764,3323.87,6.0,3322.12,6.0
1768465757888,3323.84,6.0,3322.09,6.0
1768465758345,3323.89,6.0,3322.14,6.0
1768465758470,3323.87,6.0,3322.12,6.0
1768465758584,3323.85,6.0,3322.1,6.0
1768465758690,3323.84,6.0,3322.09,6.0
1768465759055,3323.87,6.0,3322.12,6.0
1768465759159,3323.84,6.0,3322.09,6.0
1768465759275,3323.87,6.0,3322.12,6.0
1768465759377,3323.9,6.0,3322.15,6.0
1768465759482,3323.84,6.0,3322.09,6.0
1768465760699,3323.9,6.0,3322.15,6.0
1768465760814,3323.87,6.0,3322.12,6.0
1768465760932,3323.9,6.0,3322.15,6.0
1768465761038,3323.85,6.0,3322.1,6.0
1768465761745,3323.79,6.0,3322.04,6.0
1768465761890,3323.85,6.0,3322.1,6.0
1768465762315,3323.84,6.0,3322.09,6.0
1768465762424,3323.87,6.0,3322.12,6.0
1768465762531,3323.84,6.0,3322.09,6.0
1768465762634,3323.81,6.0,3322.06,6.0
1768465762765,3323.82,6.0,3322.07,6.0
1768465762874,3323.84,6.0,3322.09,6.0
1768465762987,3323.83,6.0,3322.08,6.0
1768465763214,3323.82,6.0,3322.07,6.0
1768465763334,3323.81,6.0,3322.06,6.0
1768465763787,3323.82,6.0,3322.07,6.0
1768465764366,3323.81,6.0,3322.06,6.0
1768465764504,3323.8,6.0,3322.05,6.0
1768465765022,3323.79,6.0,3322.04,6.0
1768465765124,3323.71,6.0,3321.96,6.0
1768465765338,3323.73,6.0,3321.98,6.0
1768465765557,3323.72,6.0,3321.97,6.0
1768465765674,3323.69,6.0,3321.94,6.0
1768465765795,3323.67,6.0,3321.92,6.0
1768465765898,3323.7,6.0,3321.95,6.0
1768465766034,3323.68,6.0,3321.93,6.0
1768465766265,3323.7,6.0,3321.95,6.0
1768465766554,3323.68,6.0,3321.93,6.0
1768465767852,3323.67,6.0,3321.92,6.0
1768465767953,3323.61,6.0,3321.86,6.0
1768465768078,3323.65,6.0,3321.9,6.0
1768465768216,3323.63,6.0,3321.88,6.0
1768465768326,3323.5,6.0,3321.75,6.0
1768465768442,3323.28,6.0,3321.53,6.0
1768465768553,3323.05,6.0,3321.3,6.0
1768465768676,3323.1,6.0,3321.35,6.0
1768465768788,3323.01,6.0,3321.26,6.0
1768465768895,3322.93,6.0,3321.18,6.0
1768465768986,3322.67,6.0,3320.92,6.0
1768465769135,3322.7,6.0,3320.95,6.0
1768465769381,3322.65,6.0,3320.9,6.0
1768465769587,3322.67,6.0,3320.92,6.0
1768465769704,3322.68,6.0,3320.93,6.0
1768465769884,3322.69,6.0,3320.94,6.0
1768465769994,3322.66,6.0,3320.91,6.0
1768465770184,3322.54,6.0,3320.79,6.0
1768465770295,3322.55,6.0,3320.8,6.0
1768465770411,3322.64,6.0,3320.89,6.0
1768465770534,3322.61,6.0,3320.86,6.0
1768465770995,3322.63,6.0,3320.88,6.0
1768465771096,3322.59,6.0,3320.84,6.0
1768465771225,3322.49,6.0,3320.74,6.0
1768465771344,3322.44,6.0,3320.69,6.0
1768465771464,3322.51,6.0,3320.76,6.0
1768465771685,3322.53,6.0,3320.78,6.0
1768465772135,3322.54,6.0,3320.79,6.0
1768465772246,3322.53,6.0,3320.78,6.0
1768465772428,3322.64,6.0,3320.89,6.0
1768465772537,3322.61,6.0,3320.86,6.0
1768465772658,3322.59,6.0,3320.84,6.0
1768465773055,3322.58,6.0,3320.83,6.0
1768465773174,3322.59,6.0,3320.84,6.0
1768465773299,3322.58,6.0,3320.83,6.0
1768465773725,3322.61,6.0,3320.86,6.0
1768465773951,3322.59,6.0,3320.84,6.0
1768465774405,3322.58,6.0,3320.83,6.0
1768465776577,3322.61,6.0,3320.86,6.0
1768465776686,3322.59,6.0,3320.84,6.0
1768465777084,3322.58,6.0,3320.83,6.0
1768465778088,3322.61,6.0,3320.86,6.0
1768465778324,3322.59,6.0,3320.84,6.0
1768465778444,3322.58,6.0,3320.83,6.0
1768465778726,3322.63,6.0,3320.88,6.0
1768465778954,3322.6,6.0,3320.85,6.0
1768465779769,3322.59,6.0,3320.84,6.0
1768465780024,3322.61,6.0,3320.86,6.0
1768465780266,3322.63,6.0,3320.88,6.0
1768465780555,3322.61,6.0,3320.86,6.0
1768465781428,3322.64,6.0,3320.89,6.0
1768465781532,3322.58,6.0,3320.83,6.0
1768465781655,3322.51,6.0,3320.76,6.0
1768465781764,3322.58,6.0,3320.83,6.0
1768465782155,3322.61,6.0,3320.86,6.0
1768465782394,3322.63,6.0,3320.88,6.0
1768465782952,3322.61,6.0,3320.86,6.0
1768465783157,3322.66,6.0,3320.91,6.0
1768465783278,3322.64,6.0,3320.89,6.0
1768465783394,3322.62,6.0,3320.87,6.0
1768465783896,3322.63,6.0,3320.88,6.0
1768465784026,3322.64,6.0,3320.89,6.0
1768465784178,3322.63,6.0,3320.88,6.0
1768465784865,3322.64,6.0,3320.89,6.0
1768465785186,3322.63,6.0,3320.88,6.0
1768465785645,3322.65,6.0,3320.9,6.0
1768465785890,3322.64,6.0,3320.89,6.0
1768465786104,3322.63,6.0,3320.88,6.0
1768465786714,3322.65,6.0,3320.9,6.0
1768465787203,3322.64,6.0,3320.89,6.0
1768465787314,3322.63,6.0,3320.88,6.0
1768465787542,3322.56,6.0,3320.81,6.0
1768465787778,3322.55,6.0,3320.8,6.0
1768465787985,3322.57,6.0,3320.82,6.0
1768465788088,3322.56,6.0,3320.81,6.0
1768465788325,3322.58,6.0,3320.83,6.0
1768465788435,3322.59,6.0,3320.84,6.0
1768465788554,3322.58,6.0,3320.83,6.0
1768465788660,3322.53,6.0,3320.78,6.0
1768465788790,3322.57,6.0,3320.82,6.0
1768465788905,3322.59,6.0,3320.84,6.0
1768465789243,3322.58,6.0,3320.83,6.0
1768465789799,3322.54,6.0,3320.79,6.0
1768465790184,3322.52,6.0,3320.77,6.0
1768465790299,3322.59,6.0,3320.84,6.0
1768465790544,3322.55,6.0,3320.8,6.0
1768465791119,3322.57,6.0,3320.82,6.0
1768465791262,3322.58,6.0,3320.83,6.0
1768465791504,3322.57,6.0,3320.82,6.0
1768465791974,3322.54,6.0,3320.79,6.0
1768465792425,3322.46,6.0,3320.71,6.0
1768465792551,3322.43,6.0,3320.68,6.0
1768465793645,3322.45,6.0,3320.7,6.0
1768465793877,3322.43,6.0,3320.68,6.0
1768465793995,3322.44,6.0,3320.69,6.0
1768465794236,3322.45,6.0,3320.7,6.0
1768465794336,3322.48,6.0,3320.73,6.0
1768465794454,3322.55,6.0,3320.8,6.0
1768465794556,3322.53,6.0,3320.78,6.0
1768465794686,3322.5,6.0,3320.75,6.0
1768465795205,3322.51,6.0,3320.76,6.0
1768465795326,3322.56,6.0,3320.81,6.0
1768465795434,3322.55,6.0,3320.8,6.0
1768465795680,3322.57,6.0,3320.82,6.0
1768465796004,3322.56,6.0,3320.81,6.0
1768465796360,3322.6,6.0,3320.85,6.0
1768465796465,3322.58,6.0,3320.83,6.0
1768465796578,3322.56,6.0,3320.81,6.0
1768465796690,3322.54,6.0,3320.79,6.0
1768465796936,3322.53,6.0,3320.78,6.0
1768465797082,3322.56,6.0,3320.81,6.0
1768465797327,3322.59,6.0,3320.84,6.0
1768465797459,3322.57,6.0,3320.82,6.0
1768465797845,3322.56,6.0,3320.81,6.0
1768465798648,3322.59,6.0,3320.84,6.0
1768465798749,3322.57,6.0,3320.82,6.0
1768465798859,3322.56,6.0,3320.81,6.0
1768465798994,3322.59,6.0,3320.84,6.0
1768465799787,3322.58,6.0,3320.83,6.0
1768465800356,3322.56,6.0,3320.81,6.0
1768465800465,3322.62,6.0,3320.87,6.0
1768465801033,3322.73,6.0,3320.98,6.0
1768465801149,3322.75,6.0,3321.0,6.0
1768465801271,3322.82,6.0,3321.07,6.0
1768465801377,3322.81,6.0,3321.06,6.0
1768465801524,3322.78,6.0,3321.03,6.0
1768465801745,3322.75,6.0,3321.0,6.0
1768465801960,3322.63,6.0,3320.88,6.0
1768465802062,3322.62,6.0,3320.87,6.0
1768465802063,3322.72,6.0,3320.97,6.0
1768465802174,3322.71,6.0,3320.96,6.0
1768465802284,3322.7,6.0,3320.95,6.0
1768465802405,3322.73,6.0,3320.98,6.0
1768465802635,3322.71,6.0,3320.96,6.0
1768465803193,3322.64,6.0,3320.89,6.0
1768465803316,3322.53,6.0,3320.78,6.0
1768465803425,3322.58,6.0,3320.83,6.0
1768465803526,3322.6,6.0,3320.85,6.0
1768465805465,3322.59,6.0,3320.84,6.0
1768465805695,3322.6,6.0,3320.85,6.0
1768465805921,3322.68,6.0,3320.93,6.0
1768465806033,3322.64,6.0,3320.89,6.0
1768465806374,3322.61,6.0,3320.86,6.0
1768465806494,3322.54,6.0,3320.79,6.0
1768465806597,3322.52,6.0,3320.77,6.0
1768465806783,3322.57,6.0,3320.82,6.0
1768465807032,3322.61,6.0,3320.86,6.0
1768465807279,3322.57,6.0,3320.82,6.0
1768465807935,3322.66,6.0,3320.91,6.0
1768465808055,3322.62,6.0,3320.87,6.0
1768465808164,3322.67,6.0,3320.92,6.0
1768465808279,3322.75,6.0,3321.0,6.0
1768465808389,3322.79,6.0,3321.04,6.0
1768465808491,3322.78,6.0,3321.03,6.0
1768465808592,3322.75,6.0,3321.0,6.0
1768465808814,3322.83,6.0,3321.08,6.0
1768465808922,3322.8,6.0,3321.05,6.0
1768465809037,3322.78,6.0,3321.03,6.0
1768465809152,3322.77,6.0,3321.02,6.0
1768465809274,3322.75,6.0,3321.0,6.0
1768465809402,3322.78,6.0,3321.03,6.0
1768465809757,3322.76,6.0,3321.01,6.0
1768465810027,3322.78,6.0,3321.03,6.0
1768465810132,3322.73,6.0,3320.98,6.0
1768465810366,3322.66,6.0,3320.91,6.0
1768465810591,3322.73,6.0,3320.98,6.0
1768465810697,3322.72,6.0,3320.97,6.0
1768465810948,3322.73,6.0,3320.98,6.0
1768465811415,3322.71,6.0,3320.96,6.0
1768465811635,3322.77,6.0,3321.02,6.0
1768465811865,3322.73,6.0,3320.98,6.0
1768465812728,3322.72,6.0,3320.97,6.0
1768465812847,3322.73,6.0,3320.98,6.0
1768465813084,3322.67,6.0,3320.92,6.0
1768465813201,3322.64,6.0,3320.89,6.0
1768465813304,3322.77,6.0,3321.02,6.0
1768465813576,3322.72,6.0,3320.97,6.0
1768465814540,3322.73,6.0,3320.98,6.0
1768465814672,3322.78,6.0,3321.03,6.0
1768465814778,3322.73,6.0,3320.98,6.0
1768465815833,3322.82,6.0,3321.07,6.0
1768465815954,3322.78,6.0,3321.03,6.0
1768465816294,3322.73,6.0,3320.98,6.0
1768465816786,3322.82,6.0,3321.07,6.0
1768465817008,3322.78,6.0,3321.03,6.0
1768465817489,3322.73,6.0,3320.98,6.0
1768465818553,3322.82,6.0,3321.07,6.0
1768465818658,3322.78,6.0,3321.03,6.0
1768465818874,3322.75,6.0,3321.0,6.0
1768465818985,3322.74,6.0,3320.99,6.0
1768465819111,3322.73,6.0,3320.98,6.0
1768465819695,3322.72,6.0,3320.97,6.0
1768465819824,3322.73,6.0,3320.98,6.0
1768465820155,3322.76,6.0,3321.01,6.0
1768465820276,3322.74,6.0,3320.99,6.0
1768465820385,3322.72,6.0,3320.97,6.0
1768465820828,3322.76,6.0,3321.01,6.0
1768465820929,3322.74,6.0,3320.99,6.0
1768465821031,3322.72,6.0,3320.97,6.0
