timestamp,ask,ask_size,bid,bid_size
1768465013157,1.34284,1700000.0,1.34271,1700000.0
1768465013406,1.34285,1700000.0,1.34272,1700000.0
1768465014062,1.34286,1700000.0,1.34273,1700000.0
1768465014338,1.34285,1700000.0,1.34272,1700000.0
1768465015885,1.34284,1700000.0,1.34271,1700000.0
1768465016000,1.34285,1700000.0,1.34272,1700000.0
1768465016414,1.34284,1700000.0,1.34271,1700000.0
1768465016748,1.34285,1700000.0,1.34272,1700000.0
1768465017022,1.34284,1700000.0,1.34271,1700000.0
1768465017359,1.34283,1700000.0,1.3427,1700000.0
1768465019430,1.34284,1700000.0,1.34271,1700000.0
1768465019696,1.34283,1700000.0,1.3427,1700000.0
1768465020435,1.34284,1700000.0,1.34271,1700000.0
1768465020686,1.34283,1700000.0,1.3427,1700000.0
1768465020892,1.34284,1700000.0,1.34271,1700000.0
1768465025377,1.34283,1700000.0,1.3427,1700000.0
1768465025518,1.34284,1700000.0,1.34271,1700000.0
1768465026027,1.34283,1700000.0,1.3427,1700000.0
1768465027880,1.34282,1700000.0,1.34269,1700000.0
1768465027931,1.34279,1700000.0,1.34266,1700000.0
1768465027938,1.34276,1700000.0,1.34263,1700000.0
1768465029447,1.34278,1700000.0,1.34265,1700000.0
1768465029673,1.34279,1700000.0,1.34266,1700000.0
1768465029921,1.34278,1700000.0,1.34265,1700000.0
1768465030987,1.34277,1700000.0,1.34264,1700000.0
1768465031236,1.34278,1700000.0,1.34265,1700000.0
1768465031541,1.34277,1700000.0,1.34264,1700000.0
1768465035799,1.34278,1700000.0,1.34265,1700000.0
1768465036793,1.34277,1700000.0,1.34264,1700000.0
1768465038909,1.34278,1700000.0,1.34265,1700000.0
1768465039221,1.34277,1700000.0,1.34264,1700000.0
1768465039517,1.34278,1700000.0,1.34265,1700000.0
1768465040041,1.34279,1700000.0,1.34266,1700000.0
1768465040157,1.34278,1700000.0,1.34265,1700000.0
1768465040545,1.34279,1700000.0,1.34266,1700000.0
1768465040753,1.34278,1700000.0,1.34265,1700000.0
1768465041303,1.34277,1700000.0,1.34264,1700000.0
1768465041595,1.34278,1700000.0,1.34265,1700000.0
1768465043507,1.34277,1700000.0,1.34264,1700000.0
1768465043969,1.34278,1700000.0,1.34265,1700000.0
1768465046428,1.34277,1700000.0,1.34264,1700000.0
1768465047807,1.34278,1700000.0,1.34265,1700000.0
1768465048568,1.34277,1700000.0,1.34264,1700000.0
1768465049728,1.34278,1700000.0,1.34265,1700000.0
1768465050303,1.3428,1700000.0,1.34267,1700000.0
1768465050547,1.34283,1700000.0,1.3427,1700000.0
1768465055450,1.34284,1700000.0,1.34271,1700000.0
1768465059366,1.34285,1700000.0,1.34272,1700000.0
1768465059552,1.34284,1700000.0,1.34271,1700000.0
1768465059834,1.34283,1700000.0,1.3427,1700000.0
1768465062237,1.34284,1700000.0,1.34271,1700000.0
1768465068374,1.34283,1700000.0,1.3427,1700000.0
1768465068544,1.34284,1700000.0,1.34271,1700000.0
1768465078762,1.34283,1700000.0,1.3427,1700000.0
1768465079037,1.34284,1700000.0,1.34271,1700000.0
1768465079763,1.34283,1700000.0,1.3427,1700000.0
1768465079964,1.34284,1700000.0,1.34271,1700000.0
1768465080136,1.34283,1700000.0,1.3427,1700000.0
1768465080269,1.34281,1700000.0,1.34268,1700000.0
1768465080379,1.34282,1700000.0,1.34269,1700000.0
1768465080622,1.34284,1700000.0,1.34271,1700000.0
1768465081487,1.34285,1700000.0,1.34272,1700000.0
1768465081533,1.34287,1700000.0,1.34274,1700000.0
1768465081569,1.34291,1700000.0,1.34278,1700000.0
1768465081619,1.34294,1700000.0,1.34281,1700000.0
1768465081869,1.34293,1700000.0,1.3428,1700000.0
1768465083383,1.34292,1700000.0,1.34279,1700000.0
1768465083425,1.34289,1700000.0,1.34276,1700000.0
1768465083444,1.34286,1700000.0,1.34273,1700000.0
1768465083690,1.34285,1700000.0,1.34272,1700000.0
1768465084665,1.34284,1700000.0,1.34271,1700000.0
1768465084686,1.34282,1700000.0,1.34269,1700000.0
1768465084708,1.34277,1700000.0,1.34264,1700000.0
1768465084758,1.3428,1700000.0,1.34267,1700000.0
1768465084877,1.34279,1700000.0,1.34266,1700000.0
1768465084999,1.34278,1700000.0,1.34265,1700000.0
1768465085334,1.34279,1700000.0,1.34266,1700000.0
1768465089931,1.34278,1700000.0,1.34265,1700000.0
1768465091451,1.34277,1700000.0,1.34264,1700000.0
1768465091713,1.34275,1700000.0,1.34262,1700000.0
1768465093854,1.34276,1700000.0,1.34263,1700000.0
1768465095447,1.34277,1700000.0,1.34264,1700000.0
1768465095597,1.34276,1700000.0,1.34263,1700000.0
1768465095704,1.34277,1700000.0,1.34264,1700000.0
1768465096093,1.34279,1700000.0,1.34266,1700000.0
1768465096117,1.34282,1700000.0,1.34269,1700000.0
1768465096288,1.34281,1700000.0,1.34268,1700000.0
1768465096811,1.34283,1700000.0,1.3427,1700000.0
1768465096828,1.34285,1700000.0,1.34272,1700000.0
1768465101446,1.34286,1700000.0,1.34273,1700000.0
1768465103856,1.34285,1700000.0,1.34272,1700000.0
1768465105636,1.34286,1700000.0,1.34273,1700000.0
1768465106410,1.34285,1700000.0,1.34272,1700000.0
1768465106627,1.34286,1700000.0,1.34273,1700000.0
1768465108041,1.34285,1700000.0,1.34272,1700000.0
1768465108963,1.34286,1700000.0,1.34273,1700000.0
1768465111534,1.34285,1700000.0,1.34272,1700000.0
1768465112262,1.34286,1700000.0,1.34273,1700000.0
1768465113206,1.34285,1700000.0,1.34272,1700000.0
1768465113443,1.34286,1700000.0,1.34273,1700000.0
1768465113563,1.34284,1700000.0,1.34271,1700000.0
1768465113705,1.34286,1700000.0,1.34273,1700000.0
1768465113759,1.34284,1700000.0,1.34271,1700000.0
1768465114038,1.34283,1700000.0,1.3427,1700000.0
1768465120481,1.34285,1700000.0,1.34272,1700000.0
1768465126286,1.34286,1700000.0,1.34273,1700000.0
1768465129991,1.34285,1700000.0,1.34272,1700000.0
1768465130764,1.34286,1700000.0,1.34273,1700000.0
1768465131098,1.34285,1700000.0,1.34272,1700000.0
1768465134180,1.34284,1700000.0,1.34271,1700000.0
1768465135533,1.34285,1700000.0,1.34272,1700000.0
1768465135927,1.34286,1700000.0,1.34273,1700000.0
1768465136888,1.34285,1700000.0,1.34272,1700000.0
1768465137145,1.34286,1700000.0,1.34273,1700000.0
1768465138485,1.34285,1700000.0,1.34272,1700000.0
1768465138871,1.34286,1700000.0,1.34273,1700000.0
1768465140276,1.34287,1700000.0,1.34274,1700000.0
1768465140306,1.34291,1700000.0,1.34278,1700000.0
1768465142124,1.34292,1700000.0,1.34279,1700000.0
1768465142239,1.34293,1700000.0,1.3428,1700000.0
1768465142349,1.34294,1700000.0,1.34281,1700000.0
1768465142453,1.34296,1700000.0,1.34283,1700000.0
1768465142632,1.34295,1700000.0,1.34282,1700000.0
1768465142881,1.34296,1700000.0,1.34283,1700000.0
1768465143348,1.34295,1700000.0,1.34282,1700000.0
1768465143477,1.34296,1700000.0,1.34283,1700000.0
1768465143727,1.34295,1700000.0,1.34282,1700000.0
1768465144478,1.34296,1700000.0,1.34283,1700000.0
1768465144583,1.34295,1700000.0,1.34282,1700000.0
1768465145650,1.34296,1700000.0,1.34283,1700000.0
1768465145834,1.34295,1700000.0,1.34282,1700000.0
1768465146324,1.34296,1700000.0,1.34283,1700000.0
1768465147352,1.34295,1700000.0,1.34282,1700000.0
1768465147513,1.34296,1700000.0,1.34283,1700000.0
1768465149487,1.34295,1700000.0,1.34282,1700000.0
1768465149735,1.34296,1700000.0,1.34283,1700000.0
1768465150449,1.34295,1700000.0,1.34282,1700000.0
1768465153807,1.34296,1700000.0,1.34283,1700000.0
1768465160527,1.34295,1700000.0,1.34282,1700000.0
1768465160810,1.34294,1700000.0,1.34281,1700000.0
1768465160933,1.34295,1700000.0,1.34282,1700000.0
1768465163046,1.34294,1700000.0,1.34281,1700000.0
1768465163273,1.34295,1700000.0,1.34282,1700000.0
1768465163385,1.34296,1700000.0,1.34283,1700000.0
1768465163944,1.34295,1700000.0,1.34282,1700000.0
1768465164195,1.34296,1700000.0,1.34283,1700000.0
1768465165260,1.34295,1700000.0,1.34282,1700000.0
1768465165454,1.34296,1700000.0,1.34283,1700000.0
1768465165573,1.34295,1700000.0,1.34282,1700000.0
1768465167532,1.34296,1700000.0,1.34283,1700000.0
1768465167737,1.34295,1700000.0,1.34282,1700000.0
1768465169386,1.34296,1700000.0,1.34283,1700000.0
1768465170936,1.34295,1700000.0,1.34282,1700000.0
1768465172444,1.34294,1700000.0,1.34281,1700000.0
1768465175977,1.34295,1700000.0,1.34282,1700000.0
1768465176979,1.34296,1700000.0,1.34283,1700000.0
1768465177354,1.34295,1700000.0,1.34282,1700000.0
1768465177463,1.34296,1700000.0,1.34283,1700000.0
1768465177808,1.34295,1700000.0,1.34282,1700000.0
1768465177916,1.34294,1700000.0,1.34281,1700000.0
1768465178058,1.34295,1700000.0,1.34282,1700000.0
1768465180263,1.34296,1700000.0,1.34283,1700000.0
1768465180878,1.34295,1700000.0,1.34282,1700000.0
1768465181814,1.34296,1700000.0,1.34283,1700000.0
1768465184744,1.34295,1700000.0,1.34282,1700000.0
1768465186295,1.34296,1700000.0,1.34283,1700000.0
1768465186304,1.34297,1700000.0,1.34284,1700000.0
1768465186329,1.34299,1700000.0,1.34286,1700000.0
1768465186337,1.34301,1700000.0,1.34288,1700000.0
1768465186598,1.34303,1700000.0,1.3429,1700000.0
1768465187318,1.34304,1700000.0,1.34291,1700000.0
1768465187711,1.34305,1700000.0,1.34292,1700000.0
1768465192421,1.34304,1700000.0,1.34291,1700000.0
1768465192531,1.34305,1700000.0,1.34292,1700000.0
1768465193757,1.34304,1700000.0,1.34291,1700000.0
1768465196663,1.34305,1700000.0,1.34292,1700000.0
1768465197117,1.34304,1700000.0,1.34291,1700000.0
1768465197179,1.34302,1700000.0,1.34289,1700000.0
1768465197285,1.34303,1700000.0,1.3429,1700000.0
1768465198305,1.34304,1700000.0,1.34291,1700000.0
1768465198402,1.34305,1700000.0,1.34292,1700000.0
1768465198583,1.34306,1700000.0,1.34293,1700000.0
1768465200078,1.34305,1700000.0,1.34292,1700000.0
1768465200600,1.34306,1700000.0,1.34293,1700000.0
1768465200825,1.34307,1700000.0,1.34294,1700000.0
1768465201108,1.34306,1700000.0,1.34293,1700000.0
1768465201412,1.34305,1700000.0,1.34292,1700000.0
1768465204521,1.34303,1700000.0,1.3429,1700000.0
1768465204765,1.34304,1700000.0,1.34291,1700000.0
1768465205024,1.34303,1700000.0,1.3429,1700000.0
1768465205290,1.34304,1700000.0,1.34291,1700000.0
1768465205554,1.34303,1700000.0,1.3429,1700000.0
1768465205786,1.34305,1700000.0,1.34292,1700000.0
1768465206635,1.34304,1700000.0,1.34291,1700000.0
1768465206736,1.34305,1700000.0,1.34292,1700000.0
1768465208154,1.34304,1700000.0,1.34291,1700000.0
1768465208394,1.34305,1700000.0,1.34292,1700000.0
1768465208644,1.34308,1700000.0,1.34295,1700000.0
1768465209012,1.34307,1700000.0,1.34294,1700000.0
1768465209122,1.34308,1700000.0,1.34295,1700000.0
1768465209645,1.34309,1700000.0,1.34296,1700000.0
1768465210028,1.34311,1700000.0,1.34298,1700000.0
1768465210148,1.34313,1700000.0,1.343,1700000.0
1768465210893,1.34314,1700000.0,1.34301,1700000.0
1768465211045,1.34315,1700000.0,1.34302,1700000.0
1768465213720,1.34316,1700000.0,1.34303,1700000.0
1768465215060,1.34315,1700000.0,1.34302,1700000.0
1768465215309,1.34316,1700000.0,1.34303,1700000.0
1768465216536,1.34315,1700000.0,1.34302,1700000.0
1768465216833,1.34316,1700000.0,1.34303,1700000.0
1768465220409,1.34315,1700000.0,1.34302,1700000.0
1768465221365,1.34316,1700000.0,1.34303,1700000.0
1768465221479,1.34315,1700000.0,1.34302,1700000.0
1768465221624,1.34316,1700000.0,1.34303,1700000.0
1768465221877,1.34315,1700000.0,1.34302,1700000.0
1768465227685,1.34316,1700000.0,1.34303,1700000.0
1768465229185,1.34315,1700000.0,1.34302,1700000.0
1768465229574,1.34316,1700000.0,1.34303,1700000.0
1768465229881,1.34317,1700000.0,1.34304,1700000.0
1768465234929,1.3432,1700000.0,1.34307,1700000.0
1768465234947,1.34323,1700000.0,1.3431,1700000.0
1768465235453,1.34324,1700000.0,1.34311,1700000.0
1768465235696,1.34323,1700000.0,1.3431,1700000.0
1768465235896,1.34324,1700000.0,1.34311,1700000.0
1768465236081,1.34325,1700000.0,1.34312,1700000.0
1768465236458,1.34326,1700000.0,1.34313,1700000.0
1768465240983,1.34325,1700000.0,1.34312,1700000.0
1768465241152,1.34327,1700000.0,1.34314,1700000.0
1768465242533,1.34326,1700000.0,1.34313,1700000.0
1768465242742,1.34327,1700000.0,1.34314,1700000.0
1768465242875,1.34326,1700000.0,1.34313,1700000.0
1768465245005,1.34325,1700000.0,1.34312,1700000.0
1768465245382,1.34326,1700000.0,1.34313,1700000.0
1768465245726,1.34325,1700000.0,1.34312,1700000.0
1768465245984,1.34326,1700000.0,1.34313,1700000.0
1768465248349,1.34327,1700000.0,1.34314,1700000.0
1768465249336,1.34326,1700000.0,1.34313,1700000.0
1768465251839,1.34327,1700000.0,1.34314,1700000.0
1768465253380,1.34326,1700000.0,1.34313,1700000.0
1768465254091,1.34327,1700000.0,1.34314,1700000.0
1768465254740,1.34326,1700000.0,1.34313,1700000.0
1768465255941,1.34325,1700000.0,1.34312,1700000.0
1768465256063,1.34326,1700000.0,1.34313,1700000.0
1768465256191,1.34327,1700000.0,1.34314,1700000.0
1768465256303,1.34328,1700000.0,1.34315,1700000.0
1768465256443,1.3433,1700000.0,1.34317,1700000.0
1768465256574,1.34333,1700000.0,1.3432,1700000.0
1768465257979,1.34334,1700000.0,1.34321,1700000.0
1768465258278,1.34335,1700000.0,1.34322,1700000.0
1768465258385,1.34337,1700000.0,1.34324,1700000.0
1768465258532,1.3434,1700000.0,1.34327,1700000.0
1768465258779,1.34343,1700000.0,1.3433,1700000.0
1768465259288,1.34344,1700000.0,1.34331,1700000.0
1768465259700,1.34343,1700000.0,1.3433,1700000.0
1768465260312,1.34344,1700000.0,1.34331,1700000.0
1768465260828,1.34343,1700000.0,1.3433,1700000.0
1768465260861,1.3434,1700000.0,1.34327,1700000.0
1768465261004,1.34339,1700000.0,1.34326,1700000.0
1768465261610,1.34342,1700000.0,1.34329,1700000.0
1768465262111,1.34343,1700000.0,1.3433,1700000.0
1768465263555,1.34342,1700000.0,1.34329,1700000.0
1768465263663,1.34343,1700000.0,1.3433,1700000.0
1768465263764,1.34341,1700000.0,1.34328,1700000.0
1768465263798,1.34339,1700000.0,1.34326,1700000.0
1768465263926,1.34337,1700000.0,1.34324,1700000.0
1768465266450,1.34338,1700000.0,1.34325,1700000.0
1768465266809,1.34339,1700000.0,1.34326,1700000.0
1768465267193,1.34341,1700000.0,1.34328,1700000.0
1768465267327,1.34343,1700000.0,1.3433,1700000.0
1768465268100,1.34344,1700000.0,1.34331,1700000.0
1768465268766,1.34345,1700000.0,1.34332,1700000.0
1768465269312,1.34346,1700000.0,1.34333,1700000.0
1768465269829,1.34347,1700000.0,1.34334,1700000.0
1768465270061,1.34348,1700000.0,1.34335,1700000.0
1768465270354,1.34347,1700000.0,1.34334,1700000.0
1768465270850,1.34348,1700000.0,1.34335,1700000.0
1768465272191,1.34349,1700000.0,1.34336,1700000.0
1768465274878,1.3435,1700000.0,1.34337,1700000.0
1768465275028,1.34352,1700000.0,1.34339,1700000.0
1768465275143,1.34354,1700000.0,1.34341,1700000.0
1768465276710,1.34353,1700000.0,1.3434,1700000.0
1768465276967,1.34351,1700000.0,1.34338,1700000.0
1768465277064,1.34349,1700000.0,1.34336,1700000.0
1768465277099,1.34345,1700000.0,1.34332,1700000.0
1768465277337,1.34344,1700000.0,1.34331,1700000.0
1768465287288,1.34343,1700000.0,1.3433,1700000.0
1768465287399,1.34344,1700000.0,1.34331,1700000.0
1768465296057,1.34345,1700000.0,1.34332,1700000.0
1768465298359,1.34347,1700000.0,1.34334,1700000.0
1768465298368,1.3435,1700000.0,1.34337,1700000.0
1768465298382,1.34353,1700000.0,1.3434,1700000.0
1768465298528,1.34354,1700000.0,1.34341,1700000.0
1768465298645,1.34355,1700000.0,1.34342,1700000.0
1768465298940,1.34354,1700000.0,1.34341,1700000.0
1768465299426,1.34355,1700000.0,1.34342,1700000.0
1768465299677,1.34354,1700000.0,1.34341,1700000.0
1768465299928,1.34355,1700000.0,1.34342,1700000.0
1768465304414,1.34354,1700000.0,1.34341,1700000.0
1768465306637,1.34355,1700000.0,1.34342,1700000.0
1768465306747,1.34357,1700000.0,1.34344,1700000.0
1768465306825,1.34359,1700000.0,1.34346,1700000.0
1768465306942,1.34361,1700000.0,1.34348,1700000.0
1768465307027,1.34363,1700000.0,1.3435,1700000.0
1768465308011,1.34361,1700000.0,1.34348,1700000.0
1768465308257,1.3436,1700000.0,1.34347,1700000.0
1768465308879,1.34359,1700000.0,1.34346,1700000.0
1768465310754,1.3436,1700000.0,1.34347,1700000.0
1768465310910,1.34359,1700000.0,1.34346,1700000.0
1768465311137,1.34361,1700000.0,1.34348,1700000.0
1768465312590,1.3436,1700000.0,1.34347,1700000.0
1768465312656,1.34362,1700000.0,1.34349,1700000.0
1768465312887,1.34364,1700000.0,1.34351,1700000.0
1768465313793,1.34365,1700000.0,1.34352,1700000.0
1768465316811,1.34366,1700000.0,1.34353,1700000.0
1768465316919,1.34367,1700000.0,1.34354,1700000.0
1768465317062,1.34368,1700000.0,1.34355,1700000.0
1768465317925,1.34369,1700000.0,1.34356,1700000.0
1768465320037,1.3437,1700000.0,1.34357,1700000.0
1768465320971,1.34369,1700000.0,1.34356,1700000.0
1768465321373,1.34368,1700000.0,1.34355,1700000.0
1768465322444,1.34367,1700000.0,1.34354,1700000.0
1768465322848,1.34366,1700000.0,1.34353,1700000.0
1768465323341,1.34365,1700000.0,1.34352,1700000.0
1768465324091,1.34364,1700000.0,1.34351,1700000.0
1768465324594,1.34365,1700000.0,1.34352,1700000.0
1768465332769,1.34364,1700000.0,1.34351,1700000.0
1768465333333,1.34365,1700000.0,1.34352,1700000.0
1768465333869,1.34364,1700000.0,1.34351,1700000.0
1768465334030,1.34365,1700000.0,1.34352,1700000.0
1768465334723,1.34364,1700000.0,1.34351,1700000.0
1768465335200,1.34365,1700000.0,1.34352,1700000.0
1768465336752,1.34364,1700000.0,1.34351,1700000.0
1768465336989,1.34365,1700000.0,1.34352,1700000.0
1768465344302,1.34364,1700000.0,1.34351,1700000.0
1768465344838,1.34365,1700000.0,1.34352,1700000.0
1768465346354,1.34366,1700000.0,1.34353,1700000.0
1768465347593,1.34367,1700000.0,1.34354,1700000.0
1768465347861,1.34368,1700000.0,1.34355,1700000.0
1768465348129,1.34366,1700000.0,1.34353,1700000.0
1768465348732,1.34367,1700000.0,1.34354,1700000.0
1768465348988,1.34366,1700000.0,1.34353,1700000.0
1768465352039,1.34365,1700000.0,1.34352,1700000.0
1768465354076,1.34366,1700000.0,1.34353,1700000.0
1768465354182,1.34365,1700000.0,1.34352,1700000.0
1768465354876,1.34364,1700000.0,1.34351,1700000.0
1768465356199,1.34365,1700000.0,1.34352,1700000.0
1768465356674,1.34364,1700000.0,1.34351,1700000.0
1768465358052,1.34363,1700000.0,1.3435,1700000.0
1768465360430,1.3436,1700000.0,1.34347,1700000.0
1768465360444,1.34358,1700000.0,1.34345,1700000.0
1768465360464,1.34355,1700000.0,1.34342,1700000.0
1768465360639,1.34354,1700000.0,1.34341,1700000.0
1768465360749,1.34353,1700000.0,1.3434,1700000.0
1768465360857,1.34354,1700000.0,1.34341,1700000.0
1768465362874,1.34355,1700000.0,1.34342,1700000.0
1768465363882,1.34354,1700000.0,1.34341,1700000.0
1768465364771,1.34355,1700000.0,1.34342,1700000.0
1768465367121,1.34354,1700000.0,1.34341,1700000.0
1768465367228,1.34355,1700000.0,1.34342,1700000.0
1768465367549,1.34354,1700000.0,1.34341,1700000.0
1768465369538,1.34355,1700000.0,1.34342,1700000.0
1768465370784,1.34354,1700000.0,1.34341,1700000.0
1768465371034,1.34355,1700000.0,1.34342,1700000.0
1768465371203,1.34354,1700000.0,1.34341,1700000.0
1768465371361,1.34355,1700000.0,1.34342,1700000.0
1768465372207,1.34354,1700000.0,1.34341,1700000.0
1768465372323,1.34355,1700000.0,1.34342,1700000.0
1768465375069,1.34354,1700000.0,1.34341,1700000.0
1768465376434,1.34353,1700000.0,1.3434,1700000.0
1768465377009,1.34354,1700000.0,1.34341,1700000.0
1768465377385,1.34355,1700000.0,1.34342,1700000.0
1768465378080,1.34354,1700000.0,1.34341,1700000.0
1768465378574,1.34355,1700000.0,1.34342,1700000.0
1768465381173,1.34354,1700000.0,1.34341,1700000.0
1768465384173,1.34355,1700000.0,1.34342,1700000.0
1768465384586,1.34356,1700000.0,1.34343,1700000.0
1768465389624,1.34355,1700000.0,1.34342,1700000.0
1768465389737,1.34354,1700000.0,1.34341,1700000.0
1768465390569,1.34355,1700000.0,1.34342,1700000.0
1768465391393,1.34356,1700000.0,1.34343,1700000.0
1768465391504,1.34357,1700000.0,1.34344,1700000.0
1768465391703,1.3436,1700000.0,1.34347,1700000.0
1768465398032,1.34359,1700000.0,1.34346,1700000.0
1768465399060,1.34356,1700000.0,1.34343,1700000.0
1768465401589,1.34355,1700000.0,1.34342,1700000.0
1768465401815,1.34354,1700000.0,1.34341,1700000.0
1768465401954,1.34355,1700000.0,1.34342,1700000.0
1768465407960,1.34354,1700000.0,1.34341,1700000.0
1768465408209,1.34355,1700000.0,1.34342,1700000.0
1768465410513,1.34356,1700000.0,1.34343,1700000.0
1768465410532,1.34358,1700000.0,1.34345,1700000.0
1768465410565,1.34361,1700000.0,1.34348,1700000.0
1768465410678,1.3436,1700000.0,1.34347,1700000.0
1768465410832,1.34361,1700000.0,1.34348,1700000.0
1768465411065,1.34362,1700000.0,1.34349,1700000.0
1768465411588,1.34363,1700000.0,1.3435,1700000.0
1768465411927,1.34364,1700000.0,1.34351,1700000.0
1768465412173,1.34365,1700000.0,1.34352,1700000.0
1768465414206,1.34364,1700000.0,1.34351,1700000.0
1768465414290,1.34362,1700000.0,1.34349,1700000.0
1768465414404,1.34363,1700000.0,1.3435,1700000.0
1768465415026,1.34361,1700000.0,1.34348,1700000.0
1768465416009,1.3436,1700000.0,1.34347,1700000.0
1768465418502,1.34363,1700000.0,1.3435,1700000.0
1768465418740,1.34364,1700000.0,1.34351,1700000.0
1768465418905,1.34365,1700000.0,1.34352,1700000.0
1768465419420,1.34364,1700000.0,1.34351,1700000.0
1768465422288,1.34365,1700000.0,1.34352,1700000.0
1768465422543,1.34364,1700000.0,1.34351,1700000.0
1768465425064,1.34363,1700000.0,1.3435,1700000.0
1768465425231,1.34364,1700000.0,1.34351,1700000.0
1768465427618,1.34365,1700000.0,1.34352,1700000.0
1768465432040,1.34364,1700000.0,1.34351,1700000.0
1768465432806,1.34365,1700000.0,1.34352,1700000.0
1768465433309,1.34364,1700000.0,1.34351,1700000.0
1768465434250,1.34365,1700000.0,1.34352,1700000.0
1768465444408,1.34366,1700000.0,1.34353,1700000.0
1768465445083,1.34365,1700000.0,1.34352,1700000.0
1768465445501,1.34366,1700000.0,1.34353,1700000.0
1768465445982,1.34365,1700000.0,1.34352,1700000.0
1768465448266,1.34364,1700000.0,1.34351,1700000.0
1768465448763,1.34365,1700000.0,1.34352,1700000.0
1768465448973,1.34364,1700000.0,1.34351,1700000.0
1768465449248,1.34365,1700000.0,1.34352,1700000.0
1768465466653,1.34366,1700000.0,1.34353,1700000.0
1768465468531,1.34367,1700000.0,1.34354,1700000.0
1768465468649,1.34369,1700000.0,1.34356,1700000.0
1768465468818,1.34368,1700000.0,1.34355,1700000.0
1768465469714,1.34369,1700000.0,1.34356,1700000.0
1768465470683,1.3437,1700000.0,1.34357,1700000.0
1768465470852,1.34369,1700000.0,1.34356,1700000.0
1768465471152,1.3437,1700000.0,1.34357,1700000.0
1768465471595,1.34369,1700000.0,1.34356,1700000.0
1768465472612,1.34368,1700000.0,1.34355,1700000.0
1768465473120,1.34367,1700000.0,1.34354,1700000.0
1768465473255,1.34366,1700000.0,1.34353,1700000.0
1768465474242,1.34367,1700000.0,1.34354,1700000.0
1768465476917,1.34366,1700000.0,1.34353,1700000.0
1768465477017,1.34367,1700000.0,1.34354,1700000.0
1768465479851,1.34368,1700000.0,1.34355,1700000.0
1768465482025,1.34367,1700000.0,1.34354,1700000.0
1768465483940,1.34366,1700000.0,1.34353,1700000.0
1768465484200,1.34367,1700000.0,1.34354,1700000.0
1768465484704,1.34369,1700000.0,1.34356,1700000.0
1768465484824,1.3437,1700000.0,1.34357,1700000.0
1768465487889,1.34369,1700000.0,1.34356,1700000.0
1768465488239,1.34368,1700000.0,1.34355,1700000.0
1768465488966,1.34367,1700000.0,1.34354,1700000.0
1768465489116,1.34365,1700000.0,1.34352,1700000.0
1768465489382,1.34366,1700000.0,1.34353,1700000.0
1768465494043,1.34365,1700000.0,1.34352,1700000.0
1768465494534,1.34366,1700000.0,1.34353,1700000.0
1768465498255,1.34365,1700000.0,1.34352,1700000.0
1768465498534,1.34366,1700000.0,1.34353,1700000.0
1768465498725,1.34365,1700000.0,1.34352,1700000.0
1768465500308,1.34366,1700000.0,1.34353,1700000.0
1768465500576,1.34364,1700000.0,1.34351,1700000.0
1768465500827,1.34365,1700000.0,1.34352,1700000.0
1768465501804,1.34366,1700000.0,1.34353,1700000.0
1768465502302,1.34367,1700000.0,1.34354,1700000.0
1768465502504,1.34366,1700000.0,1.34353,1700000.0
1768465502741,1.34367,1700000.0,1.34354,1700000.0
1768465503205,1.34366,1700000.0,1.34353,1700000.0
1768465503393,1.34365,1700000.0,1.34352,1700000.0
1768465504839,1.34366,1700000.0,1.34353,1700000.0
1768465505091,1.34365,1700000.0,1.34352,1700000.0
1768465505721,1.34366,1700000.0,1.34353,1700000.0
1768465506089,1.34367,1700000.0,1.34354,1700000.0
1768465507185,1.34366,1700000.0,1.34353,1700000.0
1768465509855,1.34365,1700000.0,1.34352,1700000.0
1768465509963,1.34366,1700000.0,1.34353,1700000.0
1768465510100,1.34365,1700000.0,1.34352,1700000.0
1768465510344,1.34366,1700000.0,1.34353,1700000.0
1768465510591,1.34365,1700000.0,1.34352,1700000.0
1768465512154,1.34364,1700000.0,1.34351,1700000.0
1768465514126,1.34365,1700000.0,1.34352,1700000.0
1768465514614,1.34363,1700000.0,1.3435,1700000.0
1768465514635,1.34361,1700000.0,1.34348,1700000.0
1768465514748,1.34359,1700000.0,1.34346,1700000.0
1768465514795,1.34361,1700000.0,1.34348,1700000.0
1768465514836,1.34364,1700000.0,1.34351,1700000.0
1768465515009,1.34365,1700000.0,1.34352,1700000.0
1768465515164,1.34366,1700000.0,1.34353,1700000.0
1768465515288,1.34367,1700000.0,1.34354,1700000.0
1768465515299,1.34369,1700000.0,1.34356,1700000.0
1768465515421,1.3437,1700000.0,1.34357,1700000.0
1768465515548,1.34368,1700000.0,1.34355,1700000.0
1768465515876,1.34369,1700000.0,1.34356,1700000.0
1768465521738,1.34368,1700000.0,1.34355,1700000.0
1768465522904,1.34369,1700000.0,1.34356,1700000.0
1768465523153,1.34368,1700000.0,1.34355,1700000.0
1768465525267,1.34369,1700000.0,1.34356,1700000.0
1768465525278,1.3437,1700000.0,1.34357,1700000.0
1768465525297,1.34373,1700000.0,1.3436,1700000.0
1768465525548,1.34374,1700000.0,1.34361,1700000.0
1768465525790,1.34375,1700000.0,1.34362,1700000.0
1768465526069,1.34374,1700000.0,1.34361,1700000.0
1768465527353,1.34372,1700000.0,1.34359,1700000.0
1768465527388,1.34369,1700000.0,1.34356,1700000.0
1768465527648,1.34368,1700000.0,1.34355,1700000.0
1768465534462,1.34369,1700000.0,1.34356,1700000.0
1768465534536,1.34371,1700000.0,1.34358,1700000.0
1768465534593,1.34373,1700000.0,1.3436,1700000.0
1768465534718,1.34374,1700000.0,1.34361,1700000.0
1768465536091,1.34375,1700000.0,1.34362,1700000.0
1768465536097,1.34377,1700000.0,1.34364,1700000.0
1768465536122,1.34379,1700000.0,1.34366,1700000.0
1768465536238,1.3438,1700000.0,1.34367,1700000.0
1768465536662,1.34379,1700000.0,1.34366,1700000.0
1768465536998,1.3438,1700000.0,1.34367,1700000.0
1768465537358,1.34379,1700000.0,1.34366,1700000.0
1768465543087,1.3438,1700000.0,1.34367,1700000.0
1768465543263,1.34379,1700000.0,1.34366,1700000.0
1768465543722,1.3438,1700000.0,1.34367,1700000.0
1768465544433,1.34379,1700000.0,1.34366,1700000.0
1768465545365,1.3438,1700000.0,1.34367,1700000.0
1768465545439,1.34382,1700000.0,1.34369,1700000.0
1768465545455,1.3438,1700000.0,1.34367,1700000.0
1768465545689,1.34379,1700000.0,1.34366,1700000.0
1768465546657,1.34378,1700000.0,1.34365,1700000.0
1768465546985,1.34379,1700000.0,1.34366,1700000.0
1768465547238,1.34378,1700000.0,1.34365,1700000.0
1768465547816,1.34379,1700000.0,1.34366,1700000.0
1768465548279,1.3438,1700000.0,1.34367,1700000.0
1768465550185,1.34379,1700000.0,1.34366,1700000.0
1768465551450,1.3438,1700000.0,1.34367,1700000.0
1768465552383,1.34381,1700000.0,1.34368,1700000.0
1768465552808,1.3438,1700000.0,1.34367,1700000.0
1768465553726,1.34379,1700000.0,1.34366,1700000.0
1768465555574,1.34381,1700000.0,1.34368,1700000.0
1768465555694,1.34382,1700000.0,1.34369,1700000.0
1768465555801,1.34384,1700000.0,1.34371,1700000.0
1768465555912,1.34382,1700000.0,1.34369,1700000.0
1768465556026,1.34381,1700000.0,1.34368,1700000.0
1768465556128,1.3438,1700000.0,1.34367,1700000.0
1768465557836,1.34381,1700000.0,1.34368,1700000.0
1768465558031,1.3438,1700000.0,1.34367,1700000.0
1768465558534,1.34381,1700000.0,1.34368,1700000.0
1768465559911,1.3438,1700000.0,1.34367,1700000.0
1768465560940,1.34379,1700000.0,1.34366,1700000.0
1768465562089,1.34377,1700000.0,1.34364,1700000.0
1768465562629,1.34376,1700000.0,1.34363,1700000.0
1768465563626,1.34377,1700000.0,1.34364,1700000.0
1768465564444,1.34376,1700000.0,1.34363,1700000.0
1768465564878,1.34377,1700000.0,1.34364,1700000.0
1768465564937,1.34379,1700000.0,1.34366,1700000.0
1768465565072,1.34378,1700000.0,1.34365,1700000.0
1768465565406,1.34377,1700000.0,1.34364,1700000.0
1768465565682,1.34378,1700000.0,1.34365,1700000.0
1768465566674,1.34377,1700000.0,1.34364,1700000.0
1768465567087,1.34378,1700000.0,1.34365,1700000.0
1768465567346,1.34379,1700000.0,1.34366,1700000.0
1768465570608,1.34378,1700000.0,1.34365,1700000.0
1768465570718,1.34377,1700000.0,1.34364,1700000.0
1768465571635,1.34376,1700000.0,1.34363,1700000.0
1768465578628,1.34377,1700000.0,1.34364,1700000.0
1768465578894,1.34376,1700000.0,1.34363,1700000.0
1768465579487,1.34377,1700000.0,1.34364,1700000.0
1768465581190,1.34378,1700000.0,1.34365,1700000.0
1768465581344,1.34379,1700000.0,1.34366,1700000.0
1768465583123,1.34378,1700000.0,1.34365,1700000.0
1768465583789,1.34379,1700000.0,1.34366,1700000.0
1768465584141,1.34378,1700000.0,1.34365,1700000.0
1768465584254,1.34379,1700000.0,1.34366,1700000.0
1768465584957,1.34378,1700000.0,1.34365,1700000.0
1768465585112,1.34379,1700000.0,1.34366,1700000.0
1768465585502,1.3438,1700000.0,1.34367,1700000.0
1768465586978,1.34379,1700000.0,1.34366,1700000.0
1768465588388,1.34381,1700000.0,1.34368,1700000.0
1768465588457,1.34384,1700000.0,1.34371,1700000.0
1768465600278,1.34383,1700000.0,1.3437,1700000.0
1768465600562,1.34384,1700000.0,1.34371,1700000.0
1768465604371,1.34383,1700000.0,1.3437,1700000.0
1768465604492,1.34384,1700000.0,1.34371,1700000.0
1768465604630,1.34383,1700000.0,1.3437,1700000.0
1768465604763,1.34384,1700000.0,1.34371,1700000.0
1768465614361,1.34382,1700000.0,1.34369,1700000.0
1768465614519,1.34381,1700000.0,1.34368,1700000.0
1768465615181,1.34382,1700000.0,1.34369,1700000.0
1768465615347,1.34379,1700000.0,1.34366,1700000.0
1768465615625,1.3438,1700000.0,1.34367,1700000.0
1768465615949,1.34379,1700000.0,1.34366,1700000.0
1768465616578,1.3438,1700000.0,1.34367,1700000.0
1768465618357,1.34381,1700000.0,1.34368,1700000.0
1768465618635,1.3438,1700000.0,1.34367,1700000.0
1768465620771,1.34379,1700000.0,1.34366,1700000.0
1768465620898,1.34378,1700000.0,1.34365,1700000.0
1768465620940,1.34375,1700000.0,1.34362,1700000.0
1768465621153,1.34376,1700000.0,1.34363,1700000.0
1768465621254,1.34375,1700000.0,1.34362,1700000.0
1768465621608,1.34376,1700000.0,1.34363,1700000.0
1768465621894,1.34377,1700000.0,1.34364,1700000.0
1768465622129,1.34379,1700000.0,1.34366,1700000.0
1768465645505,1.34381,1700000.0,1.34368,1700000.0
1768465645752,1.3438,1700000.0,1.34367,1700000.0
1768465647626,1.34382,1700000.0,1.34369,1700000.0
1768465647771,1.34384,1700000.0,1.34371,1700000.0
1768465650785,1.34383,1700000.0,1.3437,1700000.0
1768465655307,1.34382,1700000.0,1.34369,1700000.0
1768465656178,1.34381,1700000.0,1.34368,1700000.0
1768465656504,1.34382,1700000.0,1.34369,1700000.0
1768465658609,1.34381,1700000.0,1.34368,1700000.0
1768465662559,1.3438,1700000.0,1.34367,1700000.0
1768465669884,1.34379,1700000.0,1.34366,1700000.0
1768465675035,1.3438,1700000.0,1.34367,1700000.0
1768465675635,1.34379,1700000.0,1.34366,1700000.0
1768465680367,1.34378,1700000.0,1.34365,1700000.0
1768465680618,1.34379,1700000.0,1.34366,1700000.0
1768465680870,1.34378,1700000.0,1.34365,1700000.0
1768465681124,1.34379,1700000.0,1.34366,1700000.0
1768465681858,1.34378,1700000.0,1.34365,1700000.0
1768465682120,1.34379,1700000.0,1.34366,1700000.0
1768465683237,1.3438,1700000.0,1.34367,1700000.0
1768465683565,1.34381,1700000.0,1.34368,1700000.0
1768465683806,1.34382,1700000.0,1.34369,1700000.0
1768465684283,1.34383,1700000.0,1.3437,1700000.0
1768465685330,1.34385,1700000.0,1.34372,1700000.0
1768465685575,1.34386,1700000.0,1.34373,1700000.0
1768465685780,1.34385,1700000.0,1.34372,1700000.0
1768465686279,1.34387,1700000.0,1.34374,1700000.0
1768465686282,1.34389,1700000.0,1.34376,1700000.0
1768465686401,1.3439,1700000.0,1.34377,1700000.0
1768465687010,1.34389,1700000.0,1.34376,1700000.0
1768465687113,1.34388,1700000.0,1.34375,1700000.0
1768465687273,1.34387,1700000.0,1.34374,1700000.0
1768465687729,1.34388,1700000.0,1.34375,1700000.0
1768465687768,1.3439,1700000.0,1.34377,1700000.0
1768465688017,1.34391,1700000.0,1.34378,1700000.0
1768465688769,1.34392,1700000.0,1.34379,1700000.0
1768465688905,1.34391,1700000.0,1.34378,1700000.0
1768465688948,1.3439,1700000.0,1.34377,1700000.0
1768465689199,1.34388,1700000.0,1.34375,1700000.0
1768465689977,1.34387,1700000.0,1.34374,1700000.0
1768465690085,1.34386,1700000.0,1.34373,1700000.0
1768465690321,1.34385,1700000.0,1.34372,1700000.0
1768465690468,1.34384,1700000.0,1.34371,1700000.0
1768465691153,1.34385,1700000.0,1.34372,1700000.0
1768465691400,1.34384,1700000.0,1.34371,1700000.0
1768465692248,1.34385,1700000.0,1.34372,1700000.0
1768465692499,1.34384,1700000.0,1.34371,1700000.0
1768465694004,1.34382,1700000.0,1.34369,1700000.0
1768465694041,1.34379,1700000.0,1.34366,1700000.0
1768465697851,1.3438,1700000.0,1.34367,1700000.0
1768465701796,1.34379,1700000.0,1.34366,1700000.0
1768465706390,1.34378,1700000.0,1.34365,1700000.0
1768465707184,1.34379,1700000.0,1.34366,1700000.0
1768465707327,1.34378,1700000.0,1.34365,1700000.0
1768465708956,1.34379,1700000.0,1.34366,1700000.0
1768465712253,1.34378,1700000.0,1.34365,1700000.0
1768465713469,1.34377,1700000.0,1.34364,1700000.0
1768465713523,1.34376,1700000.0,1.34363,1700000.0
1768465713542,1.34374,1700000.0,1.34361,1700000.0
1768465713591,1.34372,1700000.0,1.34359,1700000.0
1768465713667,1.34374,1700000.0,1.34361,1700000.0
1768465713811,1.34375,1700000.0,1.34362,1700000.0
1768465716589,1.34376,1700000.0,1.34363,1700000.0
1768465719936,1.34377,1700000.0,1.34364,1700000.0
1768465719945,1.34379,1700000.0,1.34366,1700000.0
1768465719951,1.34381,1700000.0,1.34368,1700000.0
1768465719952,1.34379,1700000.0,1.34366,1700000.0
1768465719976,1.3438,1700000.0,1.34367,1700000.0
1768465720255,1.34381,1700000.0,1.34368,1700000.0
1768465721053,1.34379,1700000.0,1.34366,1700000.0
1768465721208,1.34377,1700000.0,1.34364,1700000.0
1768465721328,1.34378,1700000.0,1.34365,1700000.0
1768465722522,1.34379,1700000.0,1.34366,1700000.0
1768465722652,1.34378,1700000.0,1.34365,1700000.0
1768465725271,1.34377,1700000.0,1.34364,1700000.0
1768465725888,1.34376,1700000.0,1.34363,1700000.0
1768465726180,1.34378,1700000.0,1.34365,1700000.0
1768465726207,1.3438,1700000.0,1.34367,1700000.0
1768465726726,1.34381,1700000.0,1.34368,1700000.0
1768465727040,1.3438,1700000.0,1.34367,1700000.0
1768465727332,1.34381,1700000.0,1.34368,1700000.0
1768465728830,1.3438,1700000.0,1.34367,1700000.0
1768465728909,1.34377,1700000.0,1.34364,1700000.0
1768465729574,1.34378,1700000.0,1.34365,1700000.0
1768465729579,1.34379,1700000.0,1.34366,1700000.0
1768465729593,1.34381,1700000.0,1.34368,1700000.0
1768465729607,1.34384,1700000.0,1.34371,1700000.0
1768465729719,1.34385,1700000.0,1.34372,1700000.0
1768465730025,1.34382,1700000.0,1.34369,1700000.0
1768465730035,1.3438,1700000.0,1.34367,1700000.0
1768465730056,1.34375,1700000.0,1.34362,1700000.0
1768465730068,1.34376,1700000.0,1.34363,1700000.0
1768465730070,1.34374,1700000.0,1.34361,1700000.0
1768465730090,1.34376,1700000.0,1.34363,1700000.0
1768465730191,1.34377,1700000.0,1.34364,1700000.0
1768465730713,1.34378,1700000.0,1.34365,1700000.0
1768465730973,1.3438,1700000.0,1.34367,1700000.0
1768465732948,1.34383,1700000.0,1.3437,1700000.0
1768465733070,1.34382,1700000.0,1.34369,1700000.0
1768465733192,1.34384,1700000.0,1.34371,1700000.0
1768465733801,1.34383,1700000.0,1.3437,1700000.0
1768465733910,1.34382,1700000.0,1.34369,1700000.0
1768465734039,1.34381,1700000.0,1.34368,1700000.0
1768465734243,1.3438,1700000.0,1.34367,1700000.0
1768465734397,1.34381,1700000.0,1.34368,1700000.0
1768465736416,1.34382,1700000.0,1.34369,1700000.0
1768465737530,1.34383,1700000.0,1.3437,1700000.0
1768465737679,1.34384,1700000.0,1.34371,1700000.0
1768465740458,1.34385,1700000.0,1.34372,1700000.0
1768465740568,1.34384,1700000.0,1.34371,1700000.0
1768465740848,1.34385,1700000.0,1.34372,1700000.0
1768465742023,1.34384,1700000.0,1.34371,1700000.0
1768465742182,1.34385,1700000.0,1.34372,1700000.0
1768465743334,1.34386,1700000.0,1.34373,1700000.0
1768465743927,1.34385,1700000.0,1.34372,1700000.0
1768465744053,1.34386,1700000.0,1.34373,1700000.0
1768465745074,1.34385,1700000.0,1.34372,1700000.0
1768465746659,1.34386,1700000.0,1.34373,1700000.0
1768465747540,1.34385,1700000.0,1.34372,1700000.0
1768465748124,1.34384,1700000.0,1.34371,1700000.0
1768465748231,1.34383,1700000.0,1.3437,1700000.0
1768465748433,1.34384,1700000.0,1.34371,1700000.0
1768465748960,1.34383,1700000.0,1.3437,1700000.0
1768465749032,1.34381,1700000.0,1.34368,1700000.0
1768465749438,1.3438,1700000.0,1.34367,1700000.0
1768465749915,1.34381,1700000.0,1.34368,1700000.0
1768465750033,1.3438,1700000.0,1.34367,1700000.0
1768465750283,1.34381,1700000.0,1.34368,1700000.0
1768465750343,1.34383,1700000.0,1.3437,1700000.0
1768465750793,1.34384,1700000.0,1.34371,1700000.0
1768465753750,1.34383,1700000.0,1.3437,1700000.0
1768465754040,1.34382,1700000.0,1.34369,1700000.0
1768465754281,1.3438,1700000.0,1.34367,1700000.0
1768465755757,1.34381,1700000.0,1.34368,1700000.0
1768465756241,1.34384,1700000.0,1.34371,1700000.0
1768465757864,1.34385,1700000.0,1.34372,1700000.0
1768465758027,1.34384,1700000.0,1.34371,1700000.0
1768465759831,1.34383,1700000.0,1.3437,1700000.0
1768465759854,1.34381,1700000.0,1.34368,1700000.0
1768465760035,1.34379,1700000.0,1.34366,1700000.0
1768465760189,1.3438,1700000.0,1.34367,1700000.0
1768465760620,1.34382,1700000.0,1.34369,1700000.0
1768465760727,1.34381,1700000.0,1.34368,1700000.0
1768465761348,1.34382,1700000.0,1.34369,1700000.0
1768465761694,1.34383,1700000.0,1.3437,1700000.0
1768465761923,1.34382,1700000.0,1.34369,1700000.0
1768465762502,1.34381,1700000.0,1.34368,1700000.0
1768465766546,1.3438,1700000.0,1.34367,1700000.0
1768465766565,1.34378,1700000.0,1.34365,1700000.0
1768465767010,1.34376,1700000.0,1.34363,1700000.0
1768465767535,1.34377,1700000.0,1.34364,1700000.0
1768465770053,1.34379,1700000.0,1.34366,1700000.0
1768465770312,1.3438,1700000.0,1.34367,1700000.0
1768465773996,1.34382,1700000.0,1.34369,1700000.0
1768465774098,1.34383,1700000.0,1.3437,1700000.0
1768465774245,1.34384,1700000.0,1.34371,1700000.0
1768465779052,1.34382,1700000.0,1.34369,1700000.0
1768465779152,1.34383,1700000.0,1.3437,1700000.0
1768465779295,1.34381,1700000.0,1.34368,1700000.0
1768465779397,1.34382,1700000.0,1.34369,1700000.0
1768465779545,1.34381,1700000.0,1.34368,1700000.0
1768465781567,1.3438,1700000.0,1.34367,1700000.0
1768465783848,1.34381,1700000.0,1.34368,1700000.0
1768465783969,1.3438,1700000.0,1.34367,1700000.0
1768465784071,1.34381,1700000.0,1.34368,1700000.0
1768465786970,1.3438,1700000.0,1.34367,1700000.0
1768465787143,1.34381,1700000.0,1.34368,1700000.0
1768465787256,1.34382,1700000.0,1.34369,1700000.0
1768465787453,1.34384,1700000.0,1.34371,1700000.0
1768465788503,1.34385,1700000.0,1.34372,1700000.0
1768465790395,1.34384,1700000.0,1.34371,1700000.0
1768465797709,1.34385,1700000.0,1.34372,1700000.0
1768465797761,1.34387,1700000.0,1.34374,1700000.0
1768465798008,1.34386,1700000.0,1.34373,1700000.0
1768465798233,1.34387,1700000.0,1.34374,1700000.0
1768465798666,1.34386,1700000.0,1.34373,1700000.0
1768465803510,1.34388,1700000.0,1.34375,1700000.0
1768465805646,1.34389,1700000.0,1.34376,1700000.0
1768465806225,1.3439,1700000.0,1.34377,1700000.0
1768465806400,1.34389,1700000.0,1.34376,1700000.0
1768465806493,1.34392,1700000.0,1.34379,1700000.0
1768465806682,1.34393,1700000.0,1.3438,1700000.0
1768465806934,1.34394,1700000.0,1.34381,1700000.0
1768465807789,1.34393,1700000.0,1.3438,1700000.0
1768465807893,1.34394,1700000.0,1.34381,1700000.0
1768465808079,1.34395,1700000.0,1.34382,1700000.0
1768465808339,1.34394,1700000.0,1.34381,1700000.0
1768465808902,1.34395,1700000.0,1.34382,1700000.0
1768465810490,1.34394,1700000.0,1.34381,1700000.0
1768465810576,1.34392,1700000.0,1.34379,1700000.0
1768465810822,1.34393,1700000.0,1.3438,1700000.0
1768465811259,1.34394,1700000.0,1.34381,1700000.0
1768465811417,1.34393,1700000.0,1.3438,1700000.0
1768465812212,1.34394,1700000.0,1.34381,1700000.0
1768465813287,1.34393,1700000.0,1.3438,1700000.0
1768465813406,1.34391,1700000.0,1.34378,1700000.0
1768465813412,1.34389,1700000.0,1.34376,1700000.0
1768465813425,1.34387,1700000.0,1.34374,1700000.0
1768465813544,1.34386,1700000.0,1.34373,1700000.0
1768465813630,1.34384,1700000.0,1.34371,1700000.0
1768465813657,1.34382,1700000.0,1.34369,1700000.0
1768465813777,1.34383,1700000.0,1.3437,1700000.0
1768465814610,1.34382,1700000.0,1.34369,1700000.0
1768465814782,1.34381,1700000.0,1.34368,1700000.0
1768465814904,1.3438,1700000.0,1.34367,1700000.0
1768465815515,1.34381,1700000.0,1.34368,1700000.0
1768465815624,1.34382,1700000.0,1.34369,1700000.0
1768465815791,1.34381,1700000.0,1.34368,1700000.0
1768465818019,1.3438,1700000.0,1.34367,1700000.0
1768465818401,1.34381,1700000.0,1.34368,1700000.0
1768465818474,1.34379,1700000.0,1.34366,1700000.0
1768465818583,1.3438,1700000.0,1.34367,1700000.0
1768465818787,1.34378,1700000.0,1.34365,1700000.0
1768465818989,1.34376,1700000.0,1.34363,1700000.0
1768465819089,1.34374,1700000.0,1.34361,1700000.0
1768465819223,1.34375,1700000.0,1.34362,1700000.0
1768465819355,1.34373,1700000.0,1.3436,1700000.0
1768465819883,1.34372,1700000.0,1.34359,1700000.0
1768465819972,1.34368,1700000.0,1.34355,1700000.0
1768465821717,1.3437,1700000.0,1.34357,1700000.0
1768465821892,1.34371,1700000.0,1.34358,1700000.0
1768465822256,1.3437,1700000.0,1.34357,1700000.0
1768465822524,1.34371,1700000.0,1.34358,1700000.0
1768465823010,1.34372,1700000.0,1.34359,1700000.0
1768465823259,1.34374,1700000.0,1.34361,1700000.0
1768465824185,1.34373,1700000.0,1.3436,1700000.0
1768465824295,1.34372,1700000.0,1.34359,1700000.0
1768465825512,1.34371,1700000.0,1.34358,1700000.0
1768465826000,1.34372,1700000.0,1.34359,1700000.0
1768465826239,1.34373,1700000.0,1.3436,1700000.0
1768465826346,1.34374,1700000.0,1.34361,1700000.0
1768465827454,1.34375,1700000.0,1.34362,1700000.0
1768465830577,1.34374,1700000.0,1.34361,1700000.0
1768465830728,1.34375,1700000.0,1.34362,1700000.0
1768465831448,1.34374,1700000.0,1.34361,1700000.0
1768465831462,1.34372,1700000.0,1.34359,1700000.0
1768465831521,1.34369,1700000.0,1.34356,1700000.0
1768465831771,1.34367,1700000.0,1.34354,1700000.0
1768465832352,1.34366,1700000.0,1.34353,1700000.0
1768465832510,1.34365,1700000.0,1.34352,1700000.0
1768465833328,1.34366,1700000.0,1.34353,1700000.0
1768465833484,1.34365,1700000.0,1.34352,1700000.0
1768465833586,1.34364,1700000.0,1.34351,1700000.0
1768465833842,1.34365,1700000.0,1.34352,1700000.0
1768465834534,1.34366,1700000.0,1.34353,1700000.0
1768465834699,1.34365,1700000.0,1.34352,1700000.0
1768465835153,1.34363,1700000.0,1.3435,1700000.0
1768465835168,1.34361,1700000.0,1.34348,1700000.0
1768465835321,1.34359,1700000.0,1.34346,1700000.0
1768465835392,1.34361,1700000.0,1.34348,1700000.0
1768465835441,1.34363,1700000.0,1.3435,1700000.0
1768465836213,1.34362,1700000.0,1.34349,1700000.0
1768465836463,1.34363,1700000.0,1.3435,1700000.0
1768465837249,1.34362,1700000.0,1.34349,1700000.0
1768465837497,1.34363,1700000.0,1.3435,1700000.0
1768465841068,1.34362,1700000.0,1.34349,1700000.0
1768465843321,1.34363,1700000.0,1.3435,1700000.0
1768465843768,1.34362,1700000.0,1.34349,1700000.0
1768465848784,1.34361,1700000.0,1.34348,1700000.0
1768465849884,1.34359,1700000.0,1.34346,1700000.0
1768465850494,1.34361,1700000.0,1.34348,1700000.0
1768465850504,1.34363,1700000.0,1.3435,1700000.0
1768465850661,1.34364,1700000.0,1.34351,1700000.0
1768465850953,1.34365,1700000.0,1.34352,1700000.0
1768465851065,1.34364,1700000.0,1.34351,1700000.0
1768465851197,1.34365,1700000.0,1.34352,1700000.0
1768465851628,1.34364,1700000.0,1.34351,1700000.0
1768465856854,1.34365,1700000.0,1.34352,1700000.0
1768465856990,1.34364,1700000.0,1.34351,1700000.0
1768465857330,1.34365,1700000.0,1.34352,1700000.0
1768465857379,1.34368,1700000.0,1.34355,1700000.0
1768465857839,1.34367,1700000.0,1.34354,1700000.0
1768465858123,1.34368,1700000.0,1.34355,1700000.0
1768465859637,1.34369,1700000.0,1.34356,1700000.0
1768465860114,1.3437,1700000.0,1.34357,1700000.0
1768465860254,1.34373,1700000.0,1.3436,1700000.0
1768465860309,1.34375,1700000.0,1.34362,1700000.0
1768465860784,1.34376,1700000.0,1.34363,1700000.0
1768465861328,1.34375,1700000.0,1.34362,1700000.0
1768465862981,1.34376,1700000.0,1.34363,1700000.0
1768465863273,1.34375,1700000.0,1.34362,1700000.0
1768465864905,1.34376,1700000.0,1.34363,1700000.0
1768465865276,1.34377,1700000.0,1.34364,1700000.0
1768465865527,1.34376,1700000.0,1.34363,1700000.0
1768465865782,1.34378,1700000.0,1.34365,1700000.0
1768465865932,1.34379,1700000.0,1.34366,1700000.0
1768465866279,1.3438,1700000.0,1.34367,1700000.0
1768465867473,1.34379,1700000.0,1.34366,1700000.0
1768465868610,1.34378,1700000.0,1.34365,1700000.0
1768465870618,1.34377,1700000.0,1.34364,1700000.0
1768465872919,1.34378,1700000.0,1.34365,1700000.0
1768465879639,1.34377,1700000.0,1.34364,1700000.0
1768465879930,1.34376,1700000.0,1.34363,1700000.0
1768465879942,1.34373,1700000.0,1.3436,1700000.0
1768465879979,1.34371,1700000.0,1.34358,1700000.0
1768465880232,1.34372,1700000.0,1.34359,1700000.0
1768465880352,1.34373,1700000.0,1.3436,1700000.0
1768465880470,1.34375,1700000.0,1.34362,1700000.0
1768465882157,1.34376,1700000.0,1.34363,1700000.0
1768465882272,1.34377,1700000.0,1.34364,1700000.0
1768465883533,1.34376,1700000.0,1.34363,1700000.0
1768465885726,1.34377,1700000.0,1.34364,1700000.0
1768465886178,1.34376,1700000.0,1.34363,1700000.0
1768465886458,1.34378,1700000.0,1.34365,1700000.0
1768465886535,1.3438,1700000.0,1.34367,1700000.0
1768465888104,1.34381,1700000.0,1.34368,1700000.0
1768465888621,1.34382,1700000.0,1.34369,1700000.0
1768465888959,1.3438,1700000.0,1.34367,1700000.0
1768465889053,1.34378,1700000.0,1.34365,1700000.0
1768465889550,1.34377,1700000.0,1.34364,1700000.0
1768465890236,1.34378,1700000.0,1.34365,1700000.0
1768465890484,1.34379,1700000.0,1.34366,1700000.0
1768465891108,1.3438,1700000.0,1.34367,1700000.0
1768465891533,1.34379,1700000.0,1.34366,1700000.0
1768465892205,1.34378,1700000.0,1.34365,1700000.0
1768465892715,1.34379,1700000.0,1.34366,1700000.0
1768465893548,1.34378,1700000.0,1.34365,1700000.0
1768465896421,1.34377,1700000.0,1.34364,1700000.0
1768465896574,1.34375,1700000.0,1.34362,1700000.0
1768465898672,1.34374,1700000.0,1.34361,1700000.0
1768465899506,1.34375,1700000.0,1.34362,1700000.0
1768465900549,1.34376,1700000.0,1.34363,1700000.0
1768465901605,1.34375,1700000.0,1.34362,1700000.0
1768465911135,1.34377,1700000.0,1.34364,1700000.0
1768465911239,1.34378,1700000.0,1.34365,1700000.0
1768465911493,1.34377,1700000.0,1.34364,1700000.0
1768465911749,1.34378,1700000.0,1.34365,1700000.0
1768465911989,1.34377,1700000.0,1.34364,1700000.0
1768465913223,1.34376,1700000.0,1.34363,1700000.0
1768465913531,1.34375,1700000.0,1.34362,1700000.0
1768465913713,1.34376,1700000.0,1.34363,1700000.0
1768465914270,1.34374,1700000.0,1.34361,1700000.0
1768465915386,1.34375,1700000.0,1.34362,1700000.0
1768465915408,1.34376,1700000.0,1.34363,1700000.0
1768465916188,1.34375,1700000.0,1.34362,1700000.0
1768465916304,1.34376,1700000.0,1.34363,1700000.0
1768465916619,1.34375,1700000.0,1.34362,1700000.0
1768465917148,1.34374,1700000.0,1.34361,1700000.0
1768465917586,1.34375,1700000.0,1.34362,1700000.0
1768465923287,1.34376,1700000.0,1.34363,1700000.0
1768465923396,1.34377,1700000.0,1.34364,1700000.0
1768465924183,1.34378,1700000.0,1.34365,1700000.0
1768465924303,1.34379,1700000.0,1.34366,1700000.0
1768465925678,1.3438,1700000.0,1.34367,1700000.0
1768465927939,1.34381,1700000.0,1.34368,1700000.0
1768465927968,1.34383,1700000.0,1.3437,1700000.0
1768465928195,1.34384,1700000.0,1.34371,1700000.0
1768465928703,1.34383,1700000.0,1.3437,1700000.0
1768465928818,1.34384,1700000.0,1.34371,1700000.0
1768465930269,1.34385,1700000.0,1.34372,1700000.0
1768465930613,1.34383,1700000.0,1.3437,1700000.0
1768465930871,1.34384,1700000.0,1.34371,1700000.0
1768465933289,1.34385,1700000.0,1.34372,1700000.0
1768465936378,1.34384,1700000.0,1.34371,1700000.0
1768465938532,1.34385,1700000.0,1.34372,1700000.0
1768465953425,1.34383,1700000.0,1.3437,1700000.0
1768465953591,1.34384,1700000.0,1.34371,1700000.0
1768465953666,1.34382,1700000.0,1.34369,1700000.0
1768465953687,1.34384,1700000.0,1.34371,1700000.0
1768465954089,1.34383,1700000.0,1.3437,1700000.0
1768465955807,1.34384,1700000.0,1.34371,1700000.0
1768465956526,1.34383,1700000.0,1.3437,1700000.0
1768465956687,1.34384,1700000.0,1.34371,1700000.0
1768465959014,1.34385,1700000.0,1.34372,1700000.0
1768465959191,1.34384,1700000.0,1.34371,1700000.0
1768465968919,1.34385,1700000.0,1.34372,1700000.0
1768465971853,1.34384,1700000.0,1.34371,1700000.0
1768465972119,1.34385,1700000.0,1.34372,1700000.0
1768465974114,1.34384,1700000.0,1.34371,1700000.0
1768465974373,1.34383,1700000.0,1.3437,1700000.0
1768465974385,1.3438,1700000.0,1.34367,1700000.0
1768465974416,1.34376,1700000.0,1.34363,1700000.0
1768465974776,1.34375,1700000.0,1.34362,1700000.0
1768465978692,1.34376,1700000.0,1.34363,1700000.0
1768465978894,1.34375,1700000.0,1.34362,1700000.0
1768465980413,1.34374,1700000.0,1.34361,1700000.0
1768465980577,1.34373,1700000.0,1.3436,1700000.0
1768465980891,1.34374,1700000.0,1.34361,1700000.0
1768465982415,1.34375,1700000.0,1.34362,1700000.0
1768465982705,1.34374,1700000.0,1.34361,1700000.0
1768465983318,1.34375,1700000.0,1.34362,1700000.0
1768465984563,1.34376,1700000.0,1.34363,1700000.0
1768465985052,1.34375,1700000.0,1.34362,1700000.0
1768465992239,1.34374,1700000.0,1.34361,1700000.0
1768465996761,1.34375,1700000.0,1.34362,1700000.0
1768466005311,1.34372,1700000.0,1.34359,1700000.0
1768466005459,1.34373,1700000.0,1.3436,1700000.0
1768466013790,1.34374,1700000.0,1.34361,1700000.0
1768466014033,1.34375,1700000.0,1.34362,1700000.0
1768466020153,1.34377,1700000.0,1.34364,1700000.0
1768466020155,1.34379,1700000.0,1.34366,1700000.0
1768466020211,1.3438,1700000.0,1.34367,1700000.0
1768466020710,1.34381,1700000.0,1.34368,1700000.0
1768466021167,1.3438,1700000.0,1.34367,1700000.0
1768466023421,1.34381,1700000.0,1.34368,1700000.0
1768466024137,1.3438,1700000.0,1.34367,1700000.0
1768466025642,1.34382,1700000.0,1.34369,1700000.0
1768466026789,1.34381,1700000.0,1.34368,1700000.0
1768466027637,1.34382,1700000.0,1.34369,1700000.0
1768466028992,1.34381,1700000.0,1.34368,1700000.0
1768466030383,1.34383,1700000.0,1.3437,1700000.0
1768466030637,1.34385,1700000.0,1.34372,1700000.0
1768466030892,1.34386,1700000.0,1.34373,1700000.0
1768466031437,1.34385,1700000.0,1.34372,1700000.0
1768466033585,1.34386,1700000.0,1.34373,1700000.0
1768466034753,1.34385,1700000.0,1.34372,1700000.0
1768466036936,1.34386,1700000.0,1.34373,1700000.0
1768466038196,1.34385,1700000.0,1.34372,1700000.0
1768466038639,1.34386,1700000.0,1.34373,1700000.0
1768466040016,1.34385,1700000.0,1.34372,1700000.0
1768466043876,1.34386,1700000.0,1.34373,1700000.0
1768466044729,1.34385,1700000.0,1.34372,1700000.0
1768466044988,1.34387,1700000.0,1.34374,1700000.0
1768466045122,1.34386,1700000.0,1.34373,1700000.0
1768466045141,1.34388,1700000.0,1.34375,1700000.0
1768466045148,1.3439,1700000.0,1.34377,1700000.0
1768466045159,1.34393,1700000.0,1.3438,1700000.0
1768466045540,1.34394,1700000.0,1.34381,1700000.0
1768466046217,1.34393,1700000.0,1.3438,1700000.0
1768466047227,1.34394,1700000.0,1.34381,1700000.0
1768466057184,1.34395,1700000.0,1.34382,1700000.0
1768466058439,1.34394,1700000.0,1.34381,1700000.0
1768466074298,1.34396,1700000.0,1.34383,1700000.0
1768466074311,1.34399,1700000.0,1.34386,1700000.0
1768466074323,1.34397,1700000.0,1.34384,1700000.0
1768466074396,1.344,1700000.0,1.34387,1700000.0
1768466074516,1.34401,1700000.0,1.34388,1700000.0
1768466074842,1.34402,1700000.0,1.34389,1700000.0
1768466074962,1.34401,1700000.0,1.34388,1700000.0
1768466075328,1.34403,1700000.0,1.3439,1700000.0
1768466075679,1.34405,1700000.0,1.34392,1700000.0
1768466076049,1.34404,1700000.0,1.34391,1700000.0
1768466077712,1.34405,1700000.0,1.34392,1700000.0
1768466080459,1.34404,1700000.0,1.34391,1700000.0
1768466080479,1.34402,1700000.0,1.34389,1700000.0
1768466080486,1.344,1700000.0,1.34387,1700000.0
1768466080528,1.34398,1700000.0,1.34385,1700000.0
1768466080600,1.34396,1700000.0,1.34383,1700000.0
1768466083928,1.34395,1700000.0,1.34382,1700000.0
1768466085759,1.34394,1700000.0,1.34381,1700000.0
1768466090868,1.34395,1700000.0,1.34382,1700000.0
1768466092919,1.34394,1700000.0,1.34381,1700000.0
1768466093414,1.34395,1700000.0,1.34382,1700000.0
1768466093664,1.34394,1700000.0,1.34381,1700000.0
1768466093913,1.34395,1700000.0,1.34382,1700000.0
1768466094912,1.34394,1700000.0,1.34381,1700000.0
1768466095162,1.34395,1700000.0,1.34382,1700000.0
1768466096194,1.34397,1700000.0,1.34384,1700000.0
1768466096214,1.344,1700000.0,1.34387,1700000.0
1768466096239,1.34404,1700000.0,1.34391,1700000.0
1768466096249,1.34406,1700000.0,1.34393,1700000.0
1768466096276,1.34408,1700000.0,1.34395,1700000.0
1768466096422,1.34409,1700000.0,1.34396,1700000.0
1768466096551,1.3441,1700000.0,1.34397,1700000.0
1768466096657,1.34409,1700000.0,1.34396,1700000.0
1768466096809,1.34408,1700000.0,1.34395,1700000.0
1768466096996,1.3441,1700000.0,1.34397,1700000.0
1768466097177,1.34411,1700000.0,1.34398,1700000.0
1768466097557,1.3441,1700000.0,1.34397,1700000.0
1768466098118,1.34411,1700000.0,1.34398,1700000.0
1768466098419,1.3441,1700000.0,1.34397,1700000.0
1768466099098,1.34411,1700000.0,1.34398,1700000.0
1768466099522,1.3441,1700000.0,1.34397,1700000.0
1768466100694,1.34411,1700000.0,1.34398,1700000.0
1768466101382,1.3441,1700000.0,1.34397,1700000.0
1768466101514,1.34409,1700000.0,1.34396,1700000.0
1768466101703,1.3441,1700000.0,1.34397,1700000.0
1768466101970,1.34409,1700000.0,1.34396,1700000.0
1768466102083,1.34408,1700000.0,1.34395,1700000.0
1768466102241,1.34407,1700000.0,1.34394,1700000.0
1768466103037,1.34406,1700000.0,1.34393,1700000.0
1768466103655,1.34407,1700000.0,1.34394,1700000.0
1768466104207,1.34406,1700000.0,1.34393,1700000.0
1768466104333,1.34407,1700000.0,1.34394,1700000.0
1768466104469,1.34406,1700000.0,1.34393,1700000.0
1768466104489,1.34404,1700000.0,1.34391,1700000.0
1768466104494,1.34402,1700000.0,1.34389,1700000.0
1768466104519,1.34399,1700000.0,1.34386,1700000.0
1768466104592,1.34401,1700000.0,1.34388,1700000.0
1768466104719,1.344,1700000.0,1.34387,1700000.0
1768466105020,1.34401,1700000.0,1.34388,1700000.0
1768466105653,1.344,1700000.0,1.34387,1700000.0
1768466106092,1.34398,1700000.0,1.34385,1700000.0
1768466106381,1.34397,1700000.0,1.34384,1700000.0
1768466108006,1.34395,1700000.0,1.34382,1700000.0
1768466108274,1.34396,1700000.0,1.34383,1700000.0
1768466108388,1.34395,1700000.0,1.34382,1700000.0
1768466109336,1.34396,1700000.0,1.34383,1700000.0
1768466109466,1.34395,1700000.0,1.34382,1700000.0
1768466110072,1.34394,1700000.0,1.34381,1700000.0
1768466115901,1.34392,1700000.0,1.34379,1700000.0
1768466115923,1.3439,1700000.0,1.34377,1700000.0
1768466116165,1.34388,1700000.0,1.34375,1700000.0
1768466116522,1.34389,1700000.0,1.34376,1700000.0
1768466116666,1.34388,1700000.0,1.34375,1700000.0
1768466117092,1.34389,1700000.0,1.34376,1700000.0
1768466117241,1.3439,1700000.0,1.34377,1700000.0
1768466117485,1.34389,1700000.0,1.34376,1700000.0
1768466118180,1.3439,1700000.0,1.34377,1700000.0
1768466121465,1.34388,1700000.0,1.34375,1700000.0
1768466122558,1.34387,1700000.0,1.34374,1700000.0
1768466124599,1.34386,1700000.0,1.34373,1700000.0
1768466124856,1.34385,1700000.0,1.34372,1700000.0
1768466125262,1.34386,1700000.0,1.34373,1700000.0
1768466125425,1.34385,1700000.0,1.34372,1700000.0
1768466126003,1.34386,1700000.0,1.34373,1700000.0
1768466130046,1.34385,1700000.0,1.34372,1700000.0
1768466130148,1.34383,1700000.0,1.3437,1700000.0
1768466130450,1.34384,1700000.0,1.34371,1700000.0
1768466133037,1.34385,1700000.0,1.34372,1700000.0
1768466133216,1.34386,1700000.0,1.34373,1700000.0
1768466134444,1.34387,1700000.0,1.34374,1700000.0
1768466134935,1.34386,1700000.0,1.34373,1700000.0
1768466135040,1.34385,1700000.0,1.34372,1700000.0
1768466135604,1.34386,1700000.0,1.34373,1700000.0
1768466135718,1.34387,1700000.0,1.34374,1700000.0
1768466139499,1.34386,1700000.0,1.34373,1700000.0
1768466139625,1.34385,1700000.0,1.34372,1700000.0
1768466139844,1.34384,1700000.0,1.34371,1700000.0
1768466141542,1.34385,1700000.0,1.34372,1700000.0
1768466141667,1.34384,1700000.0,1.34371,1700000.0
1768466141897,1.34385,1700000.0,1.34372,1700000.0
1768466141945,1.34386,1700000.0,1.34373,1700000.0
1768466142298,1.34387,1700000.0,1.34374,1700000.0
1768466142407,1.34386,1700000.0,1.34373,1700000.0
1768466142523,1.34387,1700000.0,1.34374,1700000.0
1768466142688,1.34386,1700000.0,1.34373,1700000.0
1768466143090,1.34387,1700000.0,1.34374,1700000.0
1768466143262,1.34386,1700000.0,1.34373,1700000.0
1768466143434,1.34387,1700000.0,1.34374,1700000.0
1768466143455,1.3439,1700000.0,1.34377,1700000.0
1768466143465,1.34392,1700000.0,1.34379,1700000.0
1768466144218,1.3439,1700000.0,1.34377,1700000.0
1768466145592,1.34391,1700000.0,1.34378,1700000.0
1768466146051,1.3439,1700000.0,1.34377,1700000.0
1768466148216,1.34389,1700000.0,1.34376,1700000.0
1768466148336,1.3439,1700000.0,1.34377,1700000.0
1768466152053,1.34391,1700000.0,1.34378,1700000.0
1768466152291,1.34392,1700000.0,1.34379,1700000.0
1768466152393,1.3439,1700000.0,1.34377,1700000.0
1768466152433,1.34392,1700000.0,1.34379,1700000.0
1768466152522,1.34394,1700000.0,1.34381,1700000.0
1768466153478,1.34395,1700000.0,1.34382,1700000.0
1768466154471,1.34394,1700000.0,1.34381,1700000.0
1768466154576,1.34395,1700000.0,1.34382,1700000.0
1768466154638,1.34392,1700000.0,1.34379,1700000.0
1768466154647,1.34391,1700000.0,1.34378,1700000.0
1768466154660,1.34389,1700000.0,1.34376,1700000.0
1768466154681,1.34388,1700000.0,1.34375,1700000.0
1768466154887,1.34387,1700000.0,1.34374,1700000.0
1768466155946,1.34388,1700000.0,1.34375,1700000.0
1768466156363,1.34387,1700000.0,1.34374,1700000.0
1768466156486,1.34388,1700000.0,1.34375,1700000.0
1768466158466,1.34387,1700000.0,1.34374,1700000.0
1768466160577,1.34388,1700000.0,1.34375,1700000.0
1768466160700,1.34387,1700000.0,1.34374,1700000.0
1768466161523,1.34386,1700000.0,1.34373,1700000.0
1768466161897,1.34387,1700000.0,1.34374,1700000.0
1768466162386,1.34388,1700000.0,1.34375,1700000.0
1768466165346,1.3439,1700000.0,1.34377,1700000.0
1768466165551,1.34388,1700000.0,1.34375,1700000.0
1768466165917,1.34387,1700000.0,1.34374,1700000.0
1768466166313,1.34388,1700000.0,1.34375,1700000.0
1768466167313,1.34387,1700000.0,1.34374,1700000.0
1768466169981,1.34386,1700000.0,1.34373,1700000.0
1768466170272,1.34387,1700000.0,1.34374,1700000.0
1768466170942,1.34386,1700000.0,1.34373,1700000.0
1768466171561,1.34385,1700000.0,1.34372,1700000.0
1768466184421,1.34388,1700000.0,1.34375,1700000.0
1768466184907,1.34387,1700000.0,1.34374,1700000.0
1768466187095,1.34388,1700000.0,1.34375,1700000.0
1768466188840,1.34387,1700000.0,1.34374,1700000.0
1768466188984,1.34386,1700000.0,1.34373,1700000.0
1768466189105,1.34385,1700000.0,1.34372,1700000.0
1768466191402,1.34387,1700000.0,1.34374,1700000.0
1768466191411,1.34389,1700000.0,1.34376,1700000.0
1768466191429,1.34393,1700000.0,1.3438,1700000.0
1768466192188,1.34394,1700000.0,1.34381,1700000.0
1768466195090,1.34395,1700000.0,1.34382,1700000.0
1768466195239,1.34394,1700000.0,1.34381,1700000.0
1768466195642,1.34393,1700000.0,1.3438,1700000.0
1768466196235,1.34394,1700000.0,1.34381,1700000.0
1768466196244,1.34391,1700000.0,1.34378,1700000.0
1768466196512,1.34389,1700000.0,1.34376,1700000.0
1768466197140,1.3439,1700000.0,1.34377,1700000.0
1768466197713,1.34389,1700000.0,1.34376,1700000.0
1768466197925,1.3439,1700000.0,1.34377,1700000.0
1768466200268,1.34392,1700000.0,1.34379,1700000.0
1768466200908,1.34391,1700000.0,1.34378,1700000.0
1768466201051,1.3439,1700000.0,1.34377,1700000.0
1768466202454,1.34391,1700000.0,1.34378,1700000.0
1768466202583,1.34392,1700000.0,1.34379,1700000.0
1768466203382,1.34393,1700000.0,1.3438,1700000.0
1768466203490,1.34395,1700000.0,1.34382,1700000.0
1768466203598,1.34394,1700000.0,1.34381,1700000.0
1768466203837,1.34395,1700000.0,1.34382,1700000.0
1768466204070,1.34396,1700000.0,1.34383,1700000.0
1768466204169,1.34395,1700000.0,1.34382,1700000.0
1768466205143,1.34394,1700000.0,1.34381,1700000.0
1768466216329,1.34396,1700000.0,1.34383,1700000.0
1768466216614,1.34397,1700000.0,1.34384,1700000.0
1768466217570,1.34396,1700000.0,1.34383,1700000.0
1768466217748,1.34397,1700000.0,1.34384,1700000.0
1768466218769,1.34396,1700000.0,1.34383,1700000.0
1768466218780,1.34398,1700000.0,1.34385,1700000.0
1768466218822,1.34402,1700000.0,1.34389,1700000.0
1768466219070,1.34404,1700000.0,1.34391,1700000.0
1768466220642,1.34405,1700000.0,1.34392,1700000.0
1768466222578,1.34406,1700000.0,1.34393,1700000.0
1768466222710,1.34405,1700000.0,1.34392,1700000.0
1768466226233,1.34406,1700000.0,1.34393,1700000.0
1768466226805,1.34408,1700000.0,1.34395,1700000.0
1768466227192,1.34407,1700000.0,1.34394,1700000.0
1768466227696,1.34406,1700000.0,1.34393,1700000.0
1768466228268,1.34407,1700000.0,1.34394,1700000.0
1768466228539,1.34406,1700000.0,1.34393,1700000.0
1768466229637,1.34407,1700000.0,1.34394,1700000.0
1768466229920,1.34409,1700000.0,1.34396,1700000.0
1768466230148,1.34407,1700000.0,1.34394,1700000.0
1768466230423,1.34405,1700000.0,1.34392,1700000.0
1768466232661,1.34407,1700000.0,1.34394,1700000.0
1768466232771,1.34409,1700000.0,1.34396,1700000.0
1768466232899,1.34411,1700000.0,1.34398,1700000.0
1768466233045,1.34412,1700000.0,1.34399,1700000.0
1768466233087,1.34415,1700000.0,1.34402,1700000.0
1768466233337,1.34414,1700000.0,1.34401,1700000.0
1768466233586,1.34417,1700000.0,1.34404,1700000.0
1768466233842,1.34416,1700000.0,1.34403,1700000.0
1768466234090,1.34419,1700000.0,1.34406,1700000.0
1768466234836,1.3442,1700000.0,1.34407,1700000.0
1768466235814,1.34422,1700000.0,1.34409,1700000.0
1768466236018,1.34424,1700000.0,1.34411,1700000.0
1768466236734,1.34423,1700000.0,1.3441,1700000.0
1768466236829,1.34421,1700000.0,1.34408,1700000.0
1768466237077,1.3442,1700000.0,1.34407,1700000.0
1768466237362,1.34419,1700000.0,1.34406,1700000.0
1768466237670,1.3442,1700000.0,1.34407,1700000.0
1768466240920,1.34419,1700000.0,1.34406,1700000.0
1768466241091,1.34416,1700000.0,1.34403,1700000.0
1768466242199,1.34415,1700000.0,1.34402,1700000.0
1768466243134,1.34416,1700000.0,1.34403,1700000.0
1768466243366,1.34415,1700000.0,1.34402,1700000.0
1768466247876,1.34417,1700000.0,1.34404,1700000.0
1768466248823,1.34419,1700000.0,1.34406,1700000.0
1768466248978,1.3442,1700000.0,1.34407,1700000.0
1768466249790,1.34419,1700000.0,1.34406,1700000.0
1768466249918,1.3442,1700000.0,1.34407,1700000.0
1768466250296,1.34419,1700000.0,1.34406,1700000.0
1768466251174,1.34417,1700000.0,1.34404,1700000.0
1768466251319,1.34418,1700000.0,1.34405,1700000.0
1768466253004,1.34417,1700000.0,1.34404,1700000.0
1768466253362,1.34418,1700000.0,1.34405,1700000.0
1768466253375,1.34419,1700000.0,1.34406,1700000.0
1768466253405,1.34422,1700000.0,1.34409,1700000.0
1768466253655,1.3442,1700000.0,1.34407,1700000.0
1768466257108,1.34419,1700000.0,1.34406,1700000.0
1768466257120,1.34417,1700000.0,1.34404,1700000.0
1768466257228,1.34416,1700000.0,1.34403,1700000.0
1768466258241,1.34415,1700000.0,1.34402,1700000.0
1768466258517,1.34416,1700000.0,1.34403,1700000.0
1768466258655,1.34419,1700000.0,1.34406,1700000.0
1768466258769,1.3442,1700000.0,1.34407,1700000.0
1768466259344,1.34419,1700000.0,1.34406,1700000.0
1768466260600,1.3442,1700000.0,1.34407,1700000.0
1768466260746,1.34418,1700000.0,1.34405,1700000.0
1768466260851,1.34419,1700000.0,1.34406,1700000.0
1768466261616,1.34418,1700000.0,1.34405,1700000.0
1768466264624,1.3442,1700000.0,1.34407,1700000.0
1768466264757,1.34419,1700000.0,1.34406,1700000.0
1768466265006,1.3442,1700000.0,1.34407,1700000.0
1768466266106,1.34419,1700000.0,1.34406,1700000.0
1768466268571,1.3442,1700000.0,1.34407,1700000.0
1768466274924,1.34423,1700000.0,1.3441,1700000.0
1768466275177,1.34424,1700000.0,1.34411,1700000.0
1768466277119,1.34425,1700000.0,1.34412,1700000.0
1768466277150,1.34423,1700000.0,1.3441,1700000.0
1768466277181,1.3442,1700000.0,1.34407,1700000.0
1768466278271,1.34422,1700000.0,1.34409,1700000.0
1768466280465,1.34421,1700000.0,1.34408,1700000.0
1768466280594,1.3442,1700000.0,1.34407,1700000.0
1768466280714,1.34418,1700000.0,1.34405,1700000.0
1768466281062,1.34417,1700000.0,1.34404,1700000.0
1768466281151,1.34415,1700000.0,1.34402,1700000.0
1768466282464,1.34416,1700000.0,1.34403,1700000.0
1768466282716,1.34415,1700000.0,1.34402,1700000.0
1768466284959,1.34416,1700000.0,1.34403,1700000.0
1768466286970,1.34417,1700000.0,1.34404,1700000.0
1768466287227,1.34416,1700000.0,1.34403,1700000.0
1768466288492,1.34417,1700000.0,1.34404,1700000.0
1768466288982,1.34416,1700000.0,1.34403,1700000.0
1768466292821,1.34415,1700000.0,1.34402,1700000.0
1768466295106,1.34416,1700000.0,1.34403,1700000.0
1768466295588,1.34415,1700000.0,1.34402,1700000.0
1768466297178,1.34416,1700000.0,1.34403,1700000.0
1768466297368,1.34415,1700000.0,1.34402,1700000.0
1768466297817,1.34416,1700000.0,1.34403,1700000.0
1768466298870,1.34415,1700000.0,1.34402,1700000.0
1768466300523,1.34416,1700000.0,1.34403,1700000.0
1768466302045,1.34417,1700000.0,1.34404,1700000.0
1768466303564,1.34416,1700000.0,1.34403,1700000.0
1768466305145,1.34417,1700000.0,1.34404,1700000.0
1768466305392,1.34418,1700000.0,1.34405,1700000.0
1768466307098,1.34417,1700000.0,1.34404,1700000.0
1768466307438,1.34415,1700000.0,1.34402,1700000.0
1768466307802,1.34416,1700000.0,1.34403,1700000.0
1768466308248,1.34415,1700000.0,1.34402,1700000.0
1768466313123,1.34413,1700000.0,1.344,1700000.0
1768466313239,1.34414,1700000.0,1.34401,1700000.0
1768466313781,1.34415,1700000.0,1.34402,1700000.0
1768466315501,1.34416,1700000.0,1.34403,1700000.0
1768466315909,1.34417,1700000.0,1.34404,1700000.0
1768466316520,1.34416,1700000.0,1.34403,1700000.0
1768466318287,1.34415,1700000.0,1.34402,1700000.0
1768466319877,1.34416,1700000.0,1.34403,1700000.0
1768466320383,1.34415,1700000.0,1.34402,1700000.0
1768466320633,1.34416,1700000.0,1.34403,1700000.0
1768466321323,1.34417,1700000.0,1.34404,1700000.0
1768466322328,1.34416,1700000.0,1.34403,1700000.0
1768466326503,1.34417,1700000.0,1.34404,1700000.0
1768466327118,1.34416,1700000.0,1.34403,1700000.0
1768466328001,1.34418,1700000.0,1.34405,1700000.0
1768466328005,1.34419,1700000.0,1.34406,1700000.0
1768466328063,1.34422,1700000.0,1.34409,1700000.0
1768466328921,1.34423,1700000.0,1.3441,1700000.0
1768466329903,1.34421,1700000.0,1.34408,1700000.0
1768466330227,1.34418,1700000.0,1.34405,1700000.0
1768466331278,1.34417,1700000.0,1.34404,1700000.0
1768466331760,1.34418,1700000.0,1.34405,1700000.0
1768466331883,1.34419,1700000.0,1.34406,1700000.0
1768466332464,1.3442,1700000.0,1.34407,1700000.0
1768466339366,1.34419,1700000.0,1.34406,1700000.0
1768466339820,1.3442,1700000.0,1.34407,1700000.0
1768466339921,1.34419,1700000.0,1.34406,1700000.0
1768466340035,1.34418,1700000.0,1.34405,1700000.0
1768466340153,1.34419,1700000.0,1.34406,1700000.0
1768466340554,1.3442,1700000.0,1.34407,1700000.0
1768466341186,1.34419,1700000.0,1.34406,1700000.0
1768466341572,1.34418,1700000.0,1.34405,1700000.0
1768466341703,1.34417,1700000.0,1.34404,1700000.0
1768466343580,1.34418,1700000.0,1.34405,1700000.0
1768466343591,1.34419,1700000.0,1.34406,1700000.0
1768466343690,1.34423,1700000.0,1.3441,1700000.0
1768466345991,1.34422,1700000.0,1.34409,1700000.0
1768466346042,1.3442,1700000.0,1.34407,1700000.0
1768466348712,1.34421,1700000.0,1.34408,1700000.0
1768466348994,1.3442,1700000.0,1.34407,1700000.0
1768466349398,1.34421,1700000.0,1.34408,1700000.0
1768466349645,1.34422,1700000.0,1.34409,1700000.0
1768466350262,1.34424,1700000.0,1.34411,1700000.0
1768466350363,1.34423,1700000.0,1.3441,1700000.0
1768466350398,1.34421,1700000.0,1.34408,1700000.0
1768466350521,1.34422,1700000.0,1.34409,1700000.0
1768466350666,1.34421,1700000.0,1.34408,1700000.0
1768466350919,1.34422,1700000.0,1.34409,1700000.0
1768466351258,1.34421,1700000.0,1.34408,1700000.0
1768466351527,1.34423,1700000.0,1.3441,1700000.0
1768466351631,1.34422,1700000.0,1.34409,1700000.0
1768466351732,1.34421,1700000.0,1.34408,1700000.0
1768466351833,1.34422,1700000.0,1.34409,1700000.0
1768466351947,1.34421,1700000.0,1.34408,1700000.0
1768466353551,1.3442,1700000.0,1.34407,1700000.0
1768466353907,1.34421,1700000.0,1.34408,1700000.0
1768466353976,1.34423,1700000.0,1.3441,1700000.0
1768466354040,1.34425,1700000.0,1.34412,1700000.0
1768466354382,1.34426,1700000.0,1.34413,1700000.0
1768466354662,1.34425,1700000.0,1.34412,1700000.0
1768466359418,1.34426,1700000.0,1.34413,1700000.0
1768466363322,1.34427,1700000.0,1.34414,1700000.0
1768466364125,1.34429,1700000.0,1.34416,1700000.0
1768466364147,1.34432,1700000.0,1.34419,1700000.0
1768466366357,1.34431,1700000.0,1.34418,1700000.0
1768466366489,1.34432,1700000.0,1.34419,1700000.0
1768466366773,1.34431,1700000.0,1.34418,1700000.0
1768466366889,1.34432,1700000.0,1.34419,1700000.0
1768466367595,1.34431,1700000.0,1.34418,1700000.0
1768466368598,1.3443,1700000.0,1.34417,1700000.0
1768466370319,1.34428,1700000.0,1.34415,1700000.0
1768466371295,1.34427,1700000.0,1.34414,1700000.0
1768466373643,1.34428,1700000.0,1.34415,1700000.0
1768466378085,1.34427,1700000.0,1.34414,1700000.0
1768466380072,1.34425,1700000.0,1.34412,1700000.0
1768466380660,1.34424,1700000.0,1.34411,1700000.0
1768466381298,1.34425,1700000.0,1.34412,1700000.0
1768466389538,1.34424,1700000.0,1.34411,1700000.0
1768466390473,1.34425,1700000.0,1.34412,1700000.0
1768466393989,1.34427,1700000.0,1.34414,1700000.0
1768466394294,1.34429,1700000.0,1.34416,1700000.0
1768466394305,1.34432,1700000.0,1.34419,1700000.0
1768466394555,1.34434,1700000.0,1.34421,1700000.0
1768466396336,1.34433,1700000.0,1.3442,1700000.0
1768466396754,1.34434,1700000.0,1.34421,1700000.0
1768466400084,1.34433,1700000.0,1.3442,1700000.0
1768466400385,1.34434,1700000.0,1.34421,1700000.0
1768466400623,1.34435,1700000.0,1.34422,1700000.0
1768466402147,1.34434,1700000.0,1.34421,1700000.0
1768466402431,1.34435,1700000.0,1.34422,1700000.0
1768466404007,1.34436,1700000.0,1.34423,1700000.0
1768466405979,1.34435,1700000.0,1.34422,1700000.0
1768466406251,1.34436,1700000.0,1.34423,1700000.0
1768466406414,1.34437,1700000.0,1.34424,1700000.0
1768466406525,1.34436,1700000.0,1.34423,1700000.0
1768466406813,1.34437,1700000.0,1.34424,1700000.0
1768466407064,1.34436,1700000.0,1.34423,1700000.0
1768466408062,1.34435,1700000.0,1.34422,1700000.0
1768466408312,1.34436,1700000.0,1.34423,1700000.0
1768466408564,1.34435,1700000.0,1.34422,1700000.0
1768466408823,1.34436,1700000.0,1.34423,1700000.0
1768466409314,1.34435,1700000.0,1.34422,1700000.0
1768466410037,1.34436,1700000.0,1.34423,1700000.0
1768466410175,1.34435,1700000.0,1.34422,1700000.0
1768466410617,1.34434,1700000.0,1.34421,1700000.0
1768466412929,1.34433,1700000.0,1.3442,1700000.0
1768466413092,1.34432,1700000.0,1.34419,1700000.0
1768466413200,1.34431,1700000.0,1.34418,1700000.0
1768466413580,1.3443,1700000.0,1.34417,1700000.0
1768466414255,1.34429,1700000.0,1.34416,1700000.0
1768466414505,1.3443,1700000.0,1.34417,1700000.0
1768466414755,1.34429,1700000.0,1.34416,1700000.0
1768466415069,1.3443,1700000.0,1.34417,1700000.0
1768466415231,1.34431,1700000.0,1.34418,1700000.0
1768466415568,1.34429,1700000.0,1.34416,1700000.0
1768466416247,1.3443,1700000.0,1.34417,1700000.0
1768466416496,1.34431,1700000.0,1.34418,1700000.0
1768466418716,1.3443,1700000.0,1.34417,1700000.0
1768466418982,1.34431,1700000.0,1.34418,1700000.0
1768466420166,1.3443,1700000.0,1.34417,1700000.0
1768466423861,1.34429,1700000.0,1.34416,1700000.0
1768466423985,1.34428,1700000.0,1.34415,1700000.0
1768466424157,1.34429,1700000.0,1.34416,1700000.0
1768466424484,1.3443,1700000.0,1.34417,1700000.0
1768466426149,1.34431,1700000.0,1.34418,1700000.0
1768466427746,1.34429,1700000.0,1.34416,1700000.0
1768466428397,1.3443,1700000.0,1.34417,1700000.0
1768466429464,1.34429,1700000.0,1.34416,1700000.0
1768466432510,1.3443,1700000.0,1.34417,1700000.0
1768466435353,1.34431,1700000.0,1.34418,1700000.0
1768466435512,1.34429,1700000.0,1.34416,1700000.0
1768466435762,1.3443,1700000.0,1.34417,1700000.0
1768466436013,1.34429,1700000.0,1.34416,1700000.0
1768466436260,1.3443,1700000.0,1.34417,1700000.0
1768466436512,1.34427,1700000.0,1.34414,1700000.0
1768466437011,1.34428,1700000.0,1.34415,1700000.0
1768466438721,1.34427,1700000.0,1.34414,1700000.0
1768466438841,1.34428,1700000.0,1.34415,1700000.0
1768466438871,1.34429,1700000.0,1.34416,1700000.0
1768466438975,1.34431,1700000.0,1.34418,1700000.0
1768466440538,1.3443,1700000.0,1.34417,1700000.0
1768466442872,1.34431,1700000.0,1.34418,1700000.0
1768466445713,1.3443,1700000.0,1.34417,1700000.0
1768466450714,1.34429,1700000.0,1.34416,1700000.0
1768466450828,1.3443,1700000.0,1.34417,1700000.0
1768466451333,1.34429,1700000.0,1.34416,1700000.0
1768466451581,1.3443,1700000.0,1.34417,1700000.0
1768466453463,1.34429,1700000.0,1.34416,1700000.0
1768466453555,1.34428,1700000.0,1.34415,1700000.0
1768466453779,1.34429,1700000.0,1.34416,1700000.0
1768466453973,1.34428,1700000.0,1.34415,1700000.0
1768466455062,1.34429,1700000.0,1.34416,1700000.0
1768466456408,1.34428,1700000.0,1.34415,1700000.0
1768466458053,1.34427,1700000.0,1.34414,1700000.0
1768466458899,1.34429,1700000.0,1.34416,1700000.0
1768466461050,1.34431,1700000.0,1.34418,1700000.0
1768466461095,1.34433,1700000.0,1.3442,1700000.0
1768466461331,1.34434,1700000.0,1.34421,1700000.0
1768466462094,1.34432,1700000.0,1.34419,1700000.0
1768466462558,1.34433,1700000.0,1.3442,1700000.0
1768466464107,1.34434,1700000.0,1.34421,1700000.0
1768466464339,1.34433,1700000.0,1.3442,1700000.0
1768466464760,1.34434,1700000.0,1.34421,1700000.0
1768466464999,1.34433,1700000.0,1.3442,1700000.0
1768466465125,1.34434,1700000.0,1.34421,1700000.0
1768466468382,1.34435,1700000.0,1.34422,1700000.0
1768466472229,1.34436,1700000.0,1.34423,1700000.0
1768466472350,1.34437,1700000.0,1.34424,1700000.0
1768466474295,1.34438,1700000.0,1.34425,1700000.0
1768466474350,1.34441,1700000.0,1.34428,1700000.0
1768466475303,1.34442,1700000.0,1.34429,1700000.0
1768466475598,1.34441,1700000.0,1.34428,1700000.0
1768466477442,1.3444,1700000.0,1.34427,1700000.0
1768466477553,1.34439,1700000.0,1.34426,1700000.0
1768466478265,1.34442,1700000.0,1.34429,1700000.0
1768466478424,1.34441,1700000.0,1.34428,1700000.0
1768466478571,1.3444,1700000.0,1.34427,1700000.0
1768466479458,1.34439,1700000.0,1.34426,1700000.0
1768466479593,1.3444,1700000.0,1.34427,1700000.0
1768466482238,1.34441,1700000.0,1.34428,1700000.0
1768466482355,1.3444,1700000.0,1.34427,1700000.0
1768466483822,1.34442,1700000.0,1.34429,1700000.0
1768466484029,1.34444,1700000.0,1.34431,1700000.0
1768466492314,1.34446,1700000.0,1.34433,1700000.0
1768466495666,1.34445,1700000.0,1.34432,1700000.0
1768466495930,1.34444,1700000.0,1.34431,1700000.0
1768466498141,1.34442,1700000.0,1.34429,1700000.0
1768466498183,1.34439,1700000.0,1.34426,1700000.0
1768466498442,1.34438,1700000.0,1.34425,1700000.0
1768466499478,1.34437,1700000.0,1.34424,1700000.0
1768466500094,1.34438,1700000.0,1.34425,1700000.0
1768466500616,1.34437,1700000.0,1.34424,1700000.0
1768466500739,1.34436,1700000.0,1.34423,1700000.0
1768466500877,1.34435,1700000.0,1.34422,1700000.0
1768466501794,1.34434,1700000.0,1.34421,1700000.0
1768466503688,1.34435,1700000.0,1.34422,1700000.0
1768466504341,1.34436,1700000.0,1.34423,1700000.0
1768466504489,1.34437,1700000.0,1.34424,1700000.0
1768466507168,1.34436,1700000.0,1.34423,1700000.0
1768466507283,1.34437,1700000.0,1.34424,1700000.0
1768466511244,1.34436,1700000.0,1.34423,1700000.0
1768466511850,1.34437,1700000.0,1.34424,1700000.0
1768466512243,1.34436,1700000.0,1.34423,1700000.0
1768466512525,1.34435,1700000.0,1.34422,1700000.0
1768466513445,1.34434,1700000.0,1.34421,1700000.0
1768466521099,1.34432,1700000.0,1.34419,1700000.0
1768466521233,1.34431,1700000.0,1.34418,1700000.0
1768466521268,1.34428,1700000.0,1.34415,1700000.0
1768466521379,1.34427,1700000.0,1.34414,1700000.0
1768466521516,1.34426,1700000.0,1.34413,1700000.0
1768466523275,1.34425,1700000.0,1.34412,1700000.0
1768466523388,1.34424,1700000.0,1.34411,1700000.0
1768466523641,1.34423,1700000.0,1.3441,1700000.0
1768466524816,1.34424,1700000.0,1.34411,1700000.0
1768466527344,1.34425,1700000.0,1.34412,1700000.0
1768466527828,1.34424,1700000.0,1.34411,1700000.0
1768466527952,1.34425,1700000.0,1.34412,1700000.0
1768466528085,1.34426,1700000.0,1.34413,1700000.0
1768466528313,1.34425,1700000.0,1.34412,1700000.0
1768466531270,1.34424,1700000.0,1.34411,1700000.0
1768466531313,1.34421,1700000.0,1.34408,1700000.0
1768466531346,1.34417,1700000.0,1.34404,1700000.0
1768466531598,1.34416,1700000.0,1.34403,1700000.0
1768466531850,1.34415,1700000.0,1.34402,1700000.0
1768466532349,1.34414,1700000.0,1.34401,1700000.0
1768466534109,1.34415,1700000.0,1.34402,1700000.0
1768466534358,1.34414,1700000.0,1.34401,1700000.0
1768466534585,1.34415,1700000.0,1.34402,1700000.0
1768466534688,1.34414,1700000.0,1.34401,1700000.0
1768466534861,1.34415,1700000.0,1.34402,1700000.0
1768466536012,1.34418,1700000.0,1.34405,1700000.0
1768466536049,1.3442,1700000.0,1.34407,1700000.0
1768466536090,1.34422,1700000.0,1.34409,1700000.0
1768466536227,1.34421,1700000.0,1.34408,1700000.0
1768466536612,1.34423,1700000.0,1.3441,1700000.0
1768466538322,1.34424,1700000.0,1.34411,1700000.0
1768466541969,1.34423,1700000.0,1.3441,1700000.0
1768466542431,1.34424,1700000.0,1.34411,1700000.0
1768466542592,1.34423,1700000.0,1.3441,1700000.0
1768466542777,1.34424,1700000.0,1.34411,1700000.0
1768466543477,1.34423,1700000.0,1.3441,1700000.0
1768466547837,1.34424,1700000.0,1.34411,1700000.0
1768466548020,1.34423,1700000.0,1.3441,1700000.0
1768466548615,1.34424,1700000.0,1.34411,1700000.0
1768466549331,1.34425,1700000.0,1.34412,1700000.0
1768466550265,1.34424,1700000.0,1.34411,1700000.0
1768466551203,1.34425,1700000.0,1.34412,1700000.0
1768466551604,1.34424,1700000.0,1.34411,1700000.0
1768466553445,1.34422,1700000.0,1.34409,1700000.0
1768466553556,1.34423,1700000.0,1.3441,1700000.0
1768466553557,1.3442,1700000.0,1.34407,1700000.0
1768466554038,1.34417,1700000.0,1.34404,1700000.0
1768466555369,1.34418,1700000.0,1.34405,1700000.0
1768466555644,1.3442,1700000.0,1.34407,1700000.0
1768466555892,1.34419,1700000.0,1.34406,1700000.0
1768466556146,1.3442,1700000.0,1.34407,1700000.0
1768466556297,1.34419,1700000.0,1.34406,1700000.0
1768466557303,1.3442,1700000.0,1.34407,1700000.0
1768466558127,1.34419,1700000.0,1.34406,1700000.0
1768466559135,1.34418,1700000.0,1.34405,1700000.0
1768466560490,1.34417,1700000.0,1.34404,1700000.0
1768466560644,1.34418,1700000.0,1.34405,1700000.0
1768466560863,1.34419,1700000.0,1.34406,1700000.0
1768466560966,1.3442,1700000.0,1.34407,1700000.0
1768466563000,1.34422,1700000.0,1.34409,1700000.0
1768466563165,1.34421,1700000.0,1.34408,1700000.0
1768466563414,1.3442,1700000.0,1.34407,1700000.0
1768466564687,1.34419,1700000.0,1.34406,1700000.0
1768466564921,1.3442,1700000.0,1.34407,1700000.0
1768466565170,1.34419,1700000.0,1.34406,1700000.0
1768466565973,1.3442,1700000.0,1.34407,1700000.0
1768466566430,1.34419,1700000.0,1.34406,1700000.0
1768466566704,1.34417,1700000.0,1.34404,1700000.0
1768466571833,1.34416,1700000.0,1.34403,1700000.0
1768466576249,1.34413,1700000.0,1.344,1700000.0
1768466576259,1.3441,1700000.0,1.34397,1700000.0
1768466576283,1.34408,1700000.0,1.34395,1700000.0
1768466576385,1.34409,1700000.0,1.34396,1700000.0
1768466576528,1.34408,1700000.0,1.34395,1700000.0
1768466578783,1.34409,1700000.0,1.34396,1700000.0
1768466578953,1.34408,1700000.0,1.34395,1700000.0
1768466579287,1.34407,1700000.0,1.34394,1700000.0
1768466580471,1.34406,1700000.0,1.34393,1700000.0
1768466580834,1.34405,1700000.0,1.34392,1700000.0
1768466582022,1.34403,1700000.0,1.3439,1700000.0
1768466582158,1.34401,1700000.0,1.34388,1700000.0
1768466582377,1.344,1700000.0,1.34387,1700000.0
1768466582817,1.34399,1700000.0,1.34386,1700000.0
1768466584782,1.34398,1700000.0,1.34385,1700000.0
1768466584915,1.34399,1700000.0,1.34386,1700000.0
1768466585715,1.34398,1700000.0,1.34385,1700000.0
1768466585897,1.344,1700000.0,1.34387,1700000.0
1768466585925,1.34404,1700000.0,1.34391,1700000.0
1768466587424,1.34405,1700000.0,1.34392,1700000.0
1768466594980,1.34408,1700000.0,1.34395,1700000.0
1768466595025,1.34411,1700000.0,1.34398,1700000.0
1768466595133,1.34412,1700000.0,1.34399,1700000.0
1768466596121,1.34411,1700000.0,1.34398,1700000.0
1768466597124,1.3441,1700000.0,1.34397,1700000.0
1768466599236,1.34409,1700000.0,1.34396,1700000.0
1768466599404,1.34407,1700000.0,1.34394,1700000.0
1768466601166,1.34406,1700000.0,1.34393,1700000.0
1768466603278,1.34407,1700000.0,1.34394,1700000.0
1768466606177,1.34406,1700000.0,1.34393,1700000.0
1768466606407,1.34407,1700000.0,1.34394,1700000.0
1768466606948,1.34405,1700000.0,1.34392,1700000.0
1768466607052,1.34406,1700000.0,1.34393,1700000.0
1768466607204,1.34405,1700000.0,1.34392,1700000.0
1768466610547,1.34404,1700000.0,1.34391,1700000.0
1768466610715,1.34405,1700000.0,1.34392,1700000.0
1768466611122,1.34404,1700000.0,1.34391,1700000.0
1768466611963,1.34403,1700000.0,1.3439,1700000.0
1768466612178,1.34404,1700000.0,1.34391,1700000.0
1768466612691,1.34403,1700000.0,1.3439,1700000.0
1768466612714,1.34401,1700000.0,1.34388,1700000.0
1768466612741,1.34399,1700000.0,1.34386,1700000.0
1768466612843,1.34398,1700000.0,1.34385,1700000.0
1768466612936,1.34396,1700000.0,1.34383,1700000.0
1768466613439,1.34395,1700000.0,1.34382,1700000.0
1768466614082,1.34396,1700000.0,1.34383,1700000.0
1768466614206,1.34395,1700000.0,1.34382,1700000.0
1768466618208,1.34394,1700000.0,1.34381,1700000.0
1768466618543,1.34395,1700000.0,1.34382,1700000.0
1768466618644,1.34396,1700000.0,1.34383,1700000.0
1768466618708,1.344,1700000.0,1.34387,1700000.0
1768466618961,1.34399,1700000.0,1.34386,1700000.0
1768466620065,1.344,1700000.0,1.34387,1700000.0
1768466620207,1.34401,1700000.0,1.34388,1700000.0
1768466620333,1.34402,1700000.0,1.34389,1700000.0
1768466622109,1.344,1700000.0,1.34387,1700000.0
1768466622355,1.34398,1700000.0,1.34385,1700000.0
1768466623140,1.34397,1700000.0,1.34384,1700000.0
1768466624585,1.34398,1700000.0,1.34385,1700000.0
1768466624805,1.34399,1700000.0,1.34386,1700000.0
1768466624950,1.344,1700000.0,1.34387,1700000.0
1768466625304,1.34399,1700000.0,1.34386,1700000.0
1768466625554,1.344,1700000.0,1.34387,1700000.0
1768466630007,1.34399,1700000.0,1.34386,1700000.0
1768466630466,1.344,1700000.0,1.34387,1700000.0
1768466630484,1.34402,1700000.0,1.34389,1700000.0
1768466630515,1.34403,1700000.0,1.3439,1700000.0
1768466630707,1.34404,1700000.0,1.34391,1700000.0
1768466633175,1.34399,1700000.0,1.34386,1700000.0
1768466633991,1.34398,1700000.0,1.34385,1700000.0
1768466634208,1.34399,1700000.0,1.34386,1700000.0
1768466634441,1.34398,1700000.0,1.34385,1700000.0
1768466634704,1.34399,1700000.0,1.34386,1700000.0
1768466634963,1.344,1700000.0,1.34387,1700000.0
1768466635872,1.34402,1700000.0,1.34389,1700000.0
1768466636021,1.34401,1700000.0,1.34388,1700000.0
1768466636122,1.344,1700000.0,1.34387,1700000.0
1768466641194,1.34401,1700000.0,1.34388,1700000.0
1768466642195,1.344,1700000.0,1.34387,1700000.0
1768466646267,1.34399,1700000.0,1.34386,1700000.0
1768466646339,1.34401,1700000.0,1.34388,1700000.0
1768466646452,1.344,1700000.0,1.34387,1700000.0
1768466646555,1.34401,1700000.0,1.34388,1700000.0
1768466646715,1.344,1700000.0,1.34387,1700000.0
1768466647001,1.34401,1700000.0,1.34388,1700000.0
1768466647698,1.34402,1700000.0,1.34389,1700000.0
1768466648101,1.34403,1700000.0,1.3439,1700000.0
1768466648229,1.34405,1700000.0,1.34392,1700000.0
1768466649459,1.34404,1700000.0,1.34391,1700000.0
1768466650085,1.34405,1700000.0,1.34392,1700000.0
1768466650286,1.34404,1700000.0,1.34391,1700000.0
1768466650388,1.34405,1700000.0,1.34392,1700000.0
1768466652465,1.34404,1700000.0,1.34391,1700000.0
1768466652604,1.34405,1700000.0,1.34392,1700000.0
1768466652995,1.34403,1700000.0,1.3439,1700000.0
1768466653054,1.344,1700000.0,1.34387,1700000.0
1768466653223,1.34399,1700000.0,1.34386,1700000.0
1768466655106,1.34401,1700000.0,1.34388,1700000.0
1768466655489,1.34404,1700000.0,1.34391,1700000.0
1768466656108,1.34403,1700000.0,1.3439,1700000.0
1768466656863,1.34402,1700000.0,1.34389,1700000.0
1768466656987,1.344,1700000.0,1.34387,1700000.0
1768466657116,1.34397,1700000.0,1.34384,1700000.0
1768466663662,1.34396,1700000.0,1.34383,1700000.0
1768466665089,1.34395,1700000.0,1.34382,1700000.0
1768466665443,1.34394,1700000.0,1.34381,1700000.0
1768466665612,1.34393,1700000.0,1.3438,1700000.0
1768466665723,1.34394,1700000.0,1.34381,1700000.0
1768466666811,1.34392,1700000.0,1.34379,1700000.0
1768466667044,1.34391,1700000.0,1.34378,1700000.0
1768466667267,1.34392,1700000.0,1.34379,1700000.0
1768466667902,1.34391,1700000.0,1.34378,1700000.0
1768466668002,1.34387,1700000.0,1.34374,1700000.0
1768466668109,1.34386,1700000.0,1.34373,1700000.0
1768466668230,1.34388,1700000.0,1.34375,1700000.0
1768466668356,1.34387,1700000.0,1.34374,1700000.0
1768466669087,1.34386,1700000.0,1.34373,1700000.0
1768466669193,1.34387,1700000.0,1.34374,1700000.0
1768466669325,1.34386,1700000.0,1.34373,1700000.0
1768466670282,1.34387,1700000.0,1.34374,1700000.0
1768466670397,1.34386,1700000.0,1.34373,1700000.0
1768466671215,1.34387,1700000.0,1.34374,1700000.0
1768466671320,1.34386,1700000.0,1.34373,1700000.0
1768466671846,1.34387,1700000.0,1.34374,1700000.0
1768466671960,1.34388,1700000.0,1.34375,1700000.0
1768466672293,1.34389,1700000.0,1.34376,1700000.0
1768466673279,1.34388,1700000.0,1.34375,1700000.0
1768466673389,1.34387,1700000.0,1.34374,1700000.0
1768466673540,1.34385,1700000.0,1.34372,1700000.0
1768466673898,1.34386,1700000.0,1.34373,1700000.0
1768466674308,1.34387,1700000.0,1.34374,1700000.0
1768466674548,1.34386,1700000.0,1.34373,1700000.0
1768466675180,1.34387,1700000.0,1.34374,1700000.0
1768466675310,1.34386,1700000.0,1.34373,1700000.0
1768466675680,1.34385,1700000.0,1.34372,1700000.0
1768466675797,1.34386,1700000.0,1.34373,1700000.0
1768466676169,1.34387,1700000.0,1.34374,1700000.0
1768466676406,1.34386,1700000.0,1.34373,1700000.0
1768466678287,1.34387,1700000.0,1.34374,1700000.0
1768466679371,1.34388,1700000.0,1.34375,1700000.0
1768466680573,1.34386,1700000.0,1.34373,1700000.0
1768466681684,1.34388,1700000.0,1.34375,1700000.0
1768466681793,1.34389,1700000.0,1.34376,1700000.0
1768466681822,1.34391,1700000.0,1.34378,1700000.0
1768466681844,1.34393,1700000.0,1.3438,1700000.0
1768466682088,1.34394,1700000.0,1.34381,1700000.0
1768466690221,1.34395,1700000.0,1.34382,1700000.0
1768466694845,1.34393,1700000.0,1.3438,1700000.0
1768466695311,1.34394,1700000.0,1.34381,1700000.0
1768466695434,1.34393,1700000.0,1.3438,1700000.0
1768466695448,1.34391,1700000.0,1.34378,1700000.0
1768466695520,1.34389,1700000.0,1.34376,1700000.0
1768466696736,1.34388,1700000.0,1.34375,1700000.0
1768466697436,1.34389,1700000.0,1.34376,1700000.0
1768466697642,1.34388,1700000.0,1.34375,1700000.0
1768466697970,1.34389,1700000.0,1.34376,1700000.0
1768466698480,1.34388,1700000.0,1.34375,1700000.0
1768466698849,1.34389,1700000.0,1.34376,1700000.0
1768466699091,1.34388,1700000.0,1.34375,1700000.0
1768466700126,1.34389,1700000.0,1.34376,1700000.0
1768466700233,1.34388,1700000.0,1.34375,1700000.0
1768466700403,1.34389,1700000.0,1.34376,1700000.0
1768466700408,1.34391,1700000.0,1.34378,1700000.0
1768466700446,1.34393,1700000.0,1.3438,1700000.0
1768466701001,1.34394,1700000.0,1.34381,1700000.0
1768466704890,1.34393,1700000.0,1.3438,1700000.0
1768466705401,1.34394,1700000.0,1.34381,1700000.0
1768466707475,1.34396,1700000.0,1.34383,1700000.0
1768466707486,1.34398,1700000.0,1.34385,1700000.0
1768466707587,1.34399,1700000.0,1.34386,1700000.0
1768466707725,1.34398,1700000.0,1.34385,1700000.0
1768466707853,1.34397,1700000.0,1.34384,1700000.0
1768466709239,1.34396,1700000.0,1.34383,1700000.0
1768466709351,1.34397,1700000.0,1.34384,1700000.0
1768466709478,1.34396,1700000.0,1.34383,1700000.0
1768466709848,1.34397,1700000.0,1.34384,1700000.0
1768466710509,1.34396,1700000.0,1.34383,1700000.0
1768466712286,1.34397,1700000.0,1.34384,1700000.0
1768466713028,1.34396,1700000.0,1.34383,1700000.0
1768466714460,1.34395,1700000.0,1.34382,1700000.0
1768466715030,1.34396,1700000.0,1.34383,1700000.0
1768466715537,1.34395,1700000.0,1.34382,1700000.0
1768466719248,1.34394,1700000.0,1.34381,1700000.0
1768466719498,1.34395,1700000.0,1.34382,1700000.0
1768466720423,1.34394,1700000.0,1.34381,1700000.0
1768466720703,1.34393,1700000.0,1.3438,1700000.0
1768466726124,1.34394,1700000.0,1.34381,1700000.0
1768466726294,1.34395,1700000.0,1.34382,1700000.0
1768466726417,1.34394,1700000.0,1.34381,1700000.0
1768466726659,1.34395,1700000.0,1.34382,1700000.0
1768466730485,1.34394,1700000.0,1.34381,1700000.0
1768466732225,1.34393,1700000.0,1.3438,1700000.0
1768466741390,1.34394,1700000.0,1.34381,1700000.0
1768466743228,1.34395,1700000.0,1.34382,1700000.0
1768466743337,1.34396,1700000.0,1.34383,1700000.0
1768466747269,1.34395,1700000.0,1.34382,1700000.0
1768466748065,1.34394,1700000.0,1.34381,1700000.0
1768466748230,1.34395,1700000.0,1.34382,1700000.0
1768466748723,1.34396,1700000.0,1.34383,1700000.0
1768466749312,1.34395,1700000.0,1.34382,1700000.0
1768466752549,1.34396,1700000.0,1.34383,1700000.0
1768466752799,1.34395,1700000.0,1.34382,1700000.0
1768466755294,1.34396,1700000.0,1.34383,1700000.0
1768466757451,1.34395,1700000.0,1.34382,1700000.0
1768466757900,1.34396,1700000.0,1.34383,1700000.0
1768466759199,1.34395,1700000.0,1.34382,1700000.0
1768466761028,1.34396,1700000.0,1.34383,1700000.0
1768466763827,1.34395,1700000.0,1.34382,1700000.0
1768466768046,1.34396,1700000.0,1.34383,1700000.0
1768466773545,1.34395,1700000.0,1.34382,1700000.0
1768466774298,1.34396,1700000.0,1.34383,1700000.0
1768466779484,1.34398,1700000.0,1.34385,1700000.0
1768466779503,1.344,1700000.0,1.34387,1700000.0
1768466779554,1.34403,1700000.0,1.3439,1700000.0
1768466779718,1.34402,1700000.0,1.34389,1700000.0
1768466779873,1.34403,1700000.0,1.3439,1700000.0
1768466780801,1.34404,1700000.0,1.34391,1700000.0
1768466781874,1.34405,1700000.0,1.34392,1700000.0
1768466788233,1.34407,1700000.0,1.34394,1700000.0
1768466788297,1.3441,1700000.0,1.34397,1700000.0
1768466789805,1.34411,1700000.0,1.34398,1700000.0
1768466789908,1.3441,1700000.0,1.34397,1700000.0
1768466790064,1.34408,1700000.0,1.34395,1700000.0
1768466790182,1.34406,1700000.0,1.34393,1700000.0
1768466790688,1.34405,1700000.0,1.34392,1700000.0
1768466790931,1.34406,1700000.0,1.34393,1700000.0
1768466791040,1.34407,1700000.0,1.34394,1700000.0
1768466791167,1.34406,1700000.0,1.34393,1700000.0
1768466791435,1.34408,1700000.0,1.34395,1700000.0
1768466791611,1.34407,1700000.0,1.34394,1700000.0
1768466792101,1.34408,1700000.0,1.34395,1700000.0
1768466792204,1.34407,1700000.0,1.34394,1700000.0
1768466794568,1.34406,1700000.0,1.34393,1700000.0
1768466801026,1.34405,1700000.0,1.34392,1700000.0
1768466801113,1.34403,1700000.0,1.3439,1700000.0
1768466801230,1.34405,1700000.0,1.34392,1700000.0
1768466810896,1.34404,1700000.0,1.34391,1700000.0
1768466810906,1.34402,1700000.0,1.34389,1700000.0
1768466810919,1.34401,1700000.0,1.34388,1700000.0
1768466810927,1.344,1700000.0,1.34387,1700000.0
1768466810962,1.34398,1700000.0,1.34385,1700000.0
1768466810978,1.34396,1700000.0,1.34383,1700000.0
1768466810989,1.34394,1700000.0,1.34381,1700000.0
1768466811063,1.34395,1700000.0,1.34382,1700000.0
1768466811311,1.34396,1700000.0,1.34383,1700000.0
1768466811937,1.34397,1700000.0,1.34384,1700000.0
1768466814577,1.34398,1700000.0,1.34385,1700000.0
1768466814873,1.34397,1700000.0,1.34384,1700000.0
1768466816061,1.34396,1700000.0,1.34383,1700000.0
1768466823528,1.34395,1700000.0,1.34382,1700000.0
1768466824021,1.34396,1700000.0,1.34383,1700000.0
1768466825384,1.34397,1700000.0,1.34384,1700000.0
1768466827427,1.34396,1700000.0,1.34383,1700000.0
1768466829555,1.34395,1700000.0,1.34382,1700000.0
1768466829806,1.34396,1700000.0,1.34383,1700000.0
1768466830335,1.34395,1700000.0,1.34382,1700000.0
1768466830618,1.34394,1700000.0,1.34381,1700000.0
1768466830884,1.34395,1700000.0,1.34382,1700000.0
1768466840653,1.34396,1700000.0,1.34383,1700000.0
1768466840992,1.34394,1700000.0,1.34381,1700000.0
1768466841635,1.34395,1700000.0,1.34382,1700000.0
1768466842643,1.34394,1700000.0,1.34381,1700000.0
1768466843449,1.34395,1700000.0,1.34382,1700000.0
1768466844612,1.34394,1700000.0,1.34381,1700000.0
1768466844717,1.34393,1700000.0,1.3438,1700000.0
1768466847347,1.34396,1700000.0,1.34383,1700000.0
1768466847369,1.34398,1700000.0,1.34385,1700000.0
1768466847372,1.344,1700000.0,1.34387,1700000.0
1768466847554,1.34399,1700000.0,1.34386,1700000.0
1768466848088,1.34398,1700000.0,1.34385,1700000.0
1768466848585,1.34399,1700000.0,1.34386,1700000.0
1768466848860,1.34398,1700000.0,1.34385,1700000.0
1768466853477,1.34399,1700000.0,1.34386,1700000.0
1768466854256,1.344,1700000.0,1.34387,1700000.0
1768466854483,1.34399,1700000.0,1.34386,1700000.0
1768466857272,1.344,1700000.0,1.34387,1700000.0
1768466857277,1.34401,1700000.0,1.34388,1700000.0
1768466857303,1.34403,1700000.0,1.3439,1700000.0
1768466857685,1.34404,1700000.0,1.34391,1700000.0
1768466858409,1.34405,1700000.0,1.34392,1700000.0
1768466862233,1.34406,1700000.0,1.34393,1700000.0
1768466862340,1.34405,1700000.0,1.34392,1700000.0
1768466866209,1.34403,1700000.0,1.3439,1700000.0
1768466866489,1.34402,1700000.0,1.34389,1700000.0
1768466875721,1.34403,1700000.0,1.3439,1700000.0
1768466880058,1.34404,1700000.0,1.34391,1700000.0
1768466880133,1.34406,1700000.0,1.34393,1700000.0
1768466880136,1.34408,1700000.0,1.34395,1700000.0
1768466880161,1.3441,1700000.0,1.34397,1700000.0
1768466880428,1.34408,1700000.0,1.34395,1700000.0
1768466885619,1.34407,1700000.0,1.34394,1700000.0
1768466890084,1.34408,1700000.0,1.34395,1700000.0
1768466890506,1.34409,1700000.0,1.34396,1700000.0
1768466890608,1.34408,1700000.0,1.34395,1700000.0
1768466890958,1.3441,1700000.0,1.34397,1700000.0
1768466891074,1.34413,1700000.0,1.344,1700000.0
1768466892247,1.34414,1700000.0,1.34401,1700000.0
1768466892504,1.34413,1700000.0,1.344,1700000.0
1768466894721,1.34412,1700000.0,1.34399,1700000.0
1768466894839,1.34413,1700000.0,1.344,1700000.0
1768466894982,1.34414,1700000.0,1.34401,1700000.0
1768466895139,1.34413,1700000.0,1.344,1700000.0
1768466900196,1.34414,1700000.0,1.34401,1700000.0
1768466900722,1.34413,1700000.0,1.344,1700000.0
1768466902881,1.34414,1700000.0,1.34401,1700000.0
1768466902903,1.34412,1700000.0,1.34399,1700000.0
1768466903568,1.34414,1700000.0,1.34401,1700000.0
1768466903818,1.34415,1700000.0,1.34402,1700000.0
1768466904228,1.34414,1700000.0,1.34401,1700000.0
1768466904339,1.34413,1700000.0,1.344,1700000.0
1768466904681,1.34414,1700000.0,1.34401,1700000.0
1768466905225,1.34415,1700000.0,1.34402,1700000.0
1768466905359,1.34416,1700000.0,1.34403,1700000.0
1768466905767,1.34415,1700000.0,1.34402,1700000.0
1768466906017,1.34416,1700000.0,1.34403,1700000.0
1768466906391,1.34415,1700000.0,1.34402,1700000.0
1768466910421,1.34414,1700000.0,1.34401,1700000.0
1768466910647,1.34415,1700000.0,1.34402,1700000.0
1768466911784,1.34418,1700000.0,1.34405,1700000.0
1768466912054,1.3442,1700000.0,1.34407,1700000.0
1768466912249,1.34419,1700000.0,1.34406,1700000.0
1768466912560,1.34418,1700000.0,1.34405,1700000.0
1768466913345,1.34417,1700000.0,1.34404,1700000.0
1768466913594,1.34418,1700000.0,1.34405,1700000.0
1768466914301,1.34417,1700000.0,1.34404,1700000.0
1768466914555,1.34418,1700000.0,1.34405,1700000.0
1768466916090,1.34417,1700000.0,1.34404,1700000.0
1768466918388,1.34416,1700000.0,1.34403,1700000.0
1768466920987,1.34415,1700000.0,1.34402,1700000.0
1768466925449,1.34416,1700000.0,1.34403,1700000.0
1768466925519,1.34418,1700000.0,1.34405,1700000.0
1768466925623,1.34419,1700000.0,1.34406,1700000.0
1768466927970,1.34418,1700000.0,1.34405,1700000.0
1768466928220,1.34419,1700000.0,1.34406,1700000.0
1768466928814,1.34418,1700000.0,1.34405,1700000.0
1768466929059,1.34419,1700000.0,1.34406,1700000.0
1768466929309,1.34418,1700000.0,1.34405,1700000.0
1768466929560,1.34419,1700000.0,1.34406,1700000.0
1768466930834,1.34417,1700000.0,1.34404,1700000.0
1768466932769,1.34418,1700000.0,1.34405,1700000.0
1768466932980,1.34417,1700000.0,1.34404,1700000.0
1768466933101,1.34418,1700000.0,1.34405,1700000.0
1768466933134,1.3442,1700000.0,1.34407,1700000.0
1768466933146,1.34423,1700000.0,1.3441,1700000.0
1768466933424,1.34424,1700000.0,1.34411,1700000.0
1768466933774,1.34425,1700000.0,1.34412,1700000.0
1768466934033,1.34423,1700000.0,1.3441,1700000.0
1768466936660,1.34424,1700000.0,1.34411,1700000.0
1768466940411,1.34425,1700000.0,1.34412,1700000.0
1768466940823,1.34424,1700000.0,1.34411,1700000.0
1768466942302,1.34425,1700000.0,1.34412,1700000.0
1768466942429,1.34424,1700000.0,1.34411,1700000.0
1768466942573,1.34425,1700000.0,1.34412,1700000.0
1768466944028,1.34424,1700000.0,1.34411,1700000.0
1768466945307,1.34425,1700000.0,1.34412,1700000.0
1768466957077,1.34424,1700000.0,1.34411,1700000.0
1768466957089,1.34423,1700000.0,1.3441,1700000.0
1768466957192,1.34424,1700000.0,1.34411,1700000.0
1768466957334,1.34425,1700000.0,1.34412,1700000.0
1768466957657,1.34426,1700000.0,1.34413,1700000.0
1768466957797,1.34425,1700000.0,1.34412,1700000.0
1768466958778,1.34426,1700000.0,1.34413,1700000.0
1768466960030,1.34425,1700000.0,1.34412,1700000.0
1768466960058,1.34424,1700000.0,1.34411,1700000.0
1768466960159,1.34421,1700000.0,1.34408,1700000.0
1768466960159,1.34418,1700000.0,1.34405,1700000.0
1768466960925,1.3442,1700000.0,1.34407,1700000.0
1768466961160,1.34419,1700000.0,1.34406,1700000.0
1768466968364,1.3442,1700000.0,1.34407,1700000.0
1768466972072,1.34419,1700000.0,1.34406,1700000.0
1768466972107,1.34417,1700000.0,1.34404,1700000.0
1768466972502,1.34416,1700000.0,1.34403,1700000.0
1768466974105,1.34415,1700000.0,1.34402,1700000.0
1768466982286,1.34417,1700000.0,1.34404,1700000.0
1768466982296,1.34418,1700000.0,1.34405,1700000.0
1768466982311,1.3442,1700000.0,1.34407,1700000.0
1768466982328,1.34419,1700000.0,1.34406,1700000.0
1768466982894,1.34418,1700000.0,1.34405,1700000.0
1768466983818,1.34417,1700000.0,1.34404,1700000.0
1768466984634,1.34416,1700000.0,1.34403,1700000.0
1768466984661,1.34414,1700000.0,1.34401,1700000.0
1768466984764,1.34415,1700000.0,1.34402,1700000.0
1768466984907,1.34414,1700000.0,1.34401,1700000.0
1768467000191,1.34415,1700000.0,1.34402,1700000.0
1768467000198,1.34417,1700000.0,1.34404,1700000.0
1768467000237,1.3442,1700000.0,1.34407,1700000.0
1768467000262,1.34422,1700000.0,1.34409,1700000.0
1768467001433,1.34424,1700000.0,1.34411,1700000.0
1768467001696,1.34423,1700000.0,1.3441,1700000.0
1768467003115,1.34421,1700000.0,1.34408,1700000.0
1768467003153,1.34418,1700000.0,1.34405,1700000.0
1768467004548,1.34417,1700000.0,1.34404,1700000.0
1768467004590,1.34415,1700000.0,1.34402,1700000.0
1768467004628,1.34413,1700000.0,1.344,1700000.0
1768467004915,1.34414,1700000.0,1.34401,1700000.0
1768467005362,1.34413,1700000.0,1.344,1700000.0
1768467007167,1.34414,1700000.0,1.34401,1700000.0
1768467007338,1.34413,1700000.0,1.344,1700000.0
1768467007449,1.34414,1700000.0,1.34401,1700000.0
1768467008419,1.34416,1700000.0,1.34403,1700000.0
1768467008432,1.34418,1700000.0,1.34405,1700000.0
1768467008437,1.34419,1700000.0,1.34406,1700000.0
1768467008561,1.3442,1700000.0,1.34407,1700000.0
1768467008685,1.34421,1700000.0,1.34408,1700000.0
1768467008967,1.34422,1700000.0,1.34409,1700000.0
1768467010659,1.34421,1700000.0,1.34408,1700000.0
1768467010820,1.3442,1700000.0,1.34407,1700000.0
1768467013349,1.34421,1700000.0,1.34408,1700000.0
1768467014190,1.34422,1700000.0,1.34409,1700000.0
1768467014467,1.34423,1700000.0,1.3441,1700000.0
1768467015916,1.34422,1700000.0,1.34409,1700000.0
1768467016220,1.34423,1700000.0,1.3441,1700000.0
1768467016224,1.3442,1700000.0,1.34407,1700000.0
1768467016233,1.34417,1700000.0,1.34404,1700000.0
1768467016295,1.34415,1700000.0,1.34402,1700000.0
1768467018334,1.34414,1700000.0,1.34401,1700000.0
1768467021342,1.34412,1700000.0,1.34399,1700000.0
1768467021603,1.34413,1700000.0,1.344,1700000.0
1768467023005,1.34412,1700000.0,1.34399,1700000.0
1768467023014,1.3441,1700000.0,1.34397,1700000.0
1768467023059,1.34407,1700000.0,1.34394,1700000.0
1768467023253,1.34406,1700000.0,1.34393,1700000.0
1768467023558,1.34405,1700000.0,1.34392,1700000.0
1768467024266,1.34406,1700000.0,1.34393,1700000.0
1768467025109,1.34407,1700000.0,1.34394,1700000.0
1768467025853,1.34406,1700000.0,1.34393,1700000.0
1768467026053,1.34407,1700000.0,1.34394,1700000.0
1768467026187,1.34406,1700000.0,1.34393,1700000.0
1768467027944,1.34407,1700000.0,1.34394,1700000.0
1768467028189,1.34406,1700000.0,1.34393,1700000.0
1768467028731,1.34407,1700000.0,1.34394,1700000.0
1768467028868,1.34408,1700000.0,1.34395,1700000.0
1768467032598,1.34407,1700000.0,1.34394,1700000.0
