timestamp,ask,ask_size,bid,bid_size
1768465013227,25561.4,250.0,25559.6,250.0
1768465013537,25561.5,250.0,25559.7,250.0
1768465013848,25561.2,250.0,25559.4,250.0
1768465014154,25560.8,250.0,25559.0,250.0
1768465014466,25560.7,250.0,25558.9,250.0
1768465014776,25560.8,250.0,25559.0,250.0
1768465015089,25559.8,250.0,25558.0,250.0
1768465015398,25559.7,250.0,25557.9,250.0
1768465015796,25559.8,250.0,25558.0,250.0
1768465016184,25559.7,250.0,25557.9,250.0
1768465016870,25559.8,250.0,25558.0,250.0
1768465017176,25559.7,250.0,25557.9,250.0
1768465017362,25559.6,250.0,25557.8,250.0
1768465017488,25559.5,250.0,25557.7,250.0
1768465017925,25559.6,250.0,25557.8,250.0
1768465018347,25559.7,250.0,25557.9,250.0
1768465018545,25559.6,250.0,25557.8,250.0
1768465018730,25559.5,250.0,25557.7,250.0
1768465018860,25559.6,250.0,25557.8,250.0
1768465020095,25560.5,250.0,25558.7,250.0
1768465020403,25560.6,250.0,25558.8,250.0
1768465020715,25560.8,250.0,25559.0,250.0
1768465020821,25560.7,250.0,25558.9,250.0
1768465020982,25560.8,250.0,25559.0,250.0
1768465021091,25561.1,250.0,25559.3,250.0
1768465021380,25560.4,250.0,25558.6,250.0
1768465021687,25560.9,250.0,25559.1,250.0
1768465021893,25561.3,250.0,25559.5,250.0
1768465021998,25561.1,250.0,25559.3,250.0
1768465022481,25560.9,250.0,25559.1,250.0
1768465022791,25561.7,250.0,25559.9,250.0
1768465022926,25561.5,250.0,25559.7,250.0
1768465023103,25562.2,250.0,25560.4,250.0
1768465023720,25561.8,250.0,25560.0,250.0
1768465024030,25561.7,250.0,25559.9,250.0
1768465024963,25561.6,250.0,25559.8,250.0
1768465025271,25561.0,250.0,25559.2,250.0
1768465025613,25560.6,250.0,25558.8,250.0
1768465025896,25560.7,250.0,25558.9,250.0
1768465026198,25560.2,250.0,25558.4,250.0
1768465026511,25560.7,250.0,25558.9,250.0
1768465026819,25560.8,250.0,25559.0,250.0
1768465027131,25560.6,250.0,25558.8,250.0
1768465027443,25560.2,250.0,25558.4,250.0
1768465027575,25560.1,250.0,25558.3,250.0
1768465028063,25559.3,250.0,25557.5,250.0
1768465028370,25557.8,250.0,25556.0,250.0
1768465028526,25558.1,250.0,25556.3,250.0
1768465028681,25557.0,250.0,25555.2,250.0
1768465028797,25556.8,250.0,25555.0,250.0
1768465028903,25556.6,250.0,25554.8,250.0
1768465029137,25556.4,250.0,25554.6,250.0
1768465029292,25556.5,250.0,25554.7,250.0
1768465029486,25557.2,250.0,25555.4,250.0
1768465029607,25557.0,250.0,25555.2,250.0
1768465029924,25557.1,250.0,25555.3,250.0
1768465030233,25557.5,250.0,25555.7,250.0
1768465030542,25557.1,250.0,25555.3,250.0
1768465030851,25557.0,250.0,25555.2,250.0
1768465031161,25557.6,250.0,25555.8,250.0
1768465031347,25557.9,250.0,25556.1,250.0
1768465031471,25557.3,250.0,25555.5,250.0
1768465031782,25557.8,250.0,25556.0,250.0
1768465032092,25557.2,250.0,25555.4,250.0
1768465032401,25557.6,250.0,25555.8,250.0
1768465032719,25557.4,250.0,25555.6,250.0
1768465033023,25556.9,250.0,25555.1,250.0
1768465033330,25557.3,250.0,25555.5,250.0
1768465033641,25557.6,250.0,25555.8,250.0
1768465033951,25557.7,250.0,25555.9,250.0
1768465034262,25558.8,250.0,25557.0,250.0
1768465034568,25559.4,250.0,25557.6,250.0
1768465034685,25559.0,250.0,25557.2,250.0
1768465034895,25558.8,250.0,25557.0,250.0
1768465035197,25558.3,250.0,25556.5,250.0
1768465035502,25558.8,250.0,25557.0,250.0
1768465035811,25558.6,250.0,25556.8,250.0
1768465036124,25558.1,250.0,25556.3,250.0
1768465036431,25557.8,250.0,25556.0,250.0
1768465036803,25558.0,250.0,25556.2,250.0
1768465037114,25559.6,250.0,25557.8,250.0
1768465038041,25558.8,250.0,25557.0,250.0
1768465038336,25558.6,250.0,25556.8,250.0
1768465038971,25557.7,250.0,25555.9,250.0
1768465039519,25557.6,250.0,25555.8,250.0
1768465039828,25559.2,250.0,25557.4,250.0
1768465040136,25559.3,250.0,25557.5,250.0
1768465040395,25559.7,250.0,25557.9,250.0
1768465040758,25559.3,250.0,25557.5,250.0
1768465041067,25559.6,250.0,25557.8,250.0
1768465041356,25559.4,250.0,25557.6,250.0
1768465041687,25559.2,250.0,25557.4,250.0
1768465042058,25559.1,250.0,25557.3,250.0
1768465042537,25558.8,250.0,25557.0,250.0
1768465042639,25558.7,250.0,25556.9,250.0
1768465042803,25559.0,250.0,25557.2,250.0
1768465042955,25558.8,250.0,25557.0,250.0
1768465043135,25558.7,250.0,25556.9,250.0
1768465043263,25558.8,250.0,25557.0,250.0
1768465043565,25558.7,250.0,25556.9,250.0
1768465043874,25559.1,250.0,25557.3,250.0
1768465044067,25559.0,250.0,25557.2,250.0
1768465044184,25557.6,250.0,25555.8,250.0
1768465044493,25556.9,250.0,25555.1,250.0
1768465044808,25557.1,250.0,25555.3,250.0
1768465045115,25557.2,250.0,25555.4,250.0
1768465045736,25557.1,250.0,25555.3,250.0
1768465045852,25557.2,250.0,25555.4,250.0
1768465046046,25557.0,250.0,25555.2,250.0
1768465046478,25557.1,250.0,25555.3,250.0
1768465046977,25558.3,250.0,25556.5,250.0
1768465047286,25558.0,250.0,25556.2,250.0
1768465047603,25558.1,250.0,25556.3,250.0
1768465047921,25558.0,250.0,25556.2,250.0
1768465048230,25557.6,250.0,25555.8,250.0
1768465048538,25557.5,250.0,25555.7,250.0
1768465049250,25557.3,250.0,25555.5,250.0
1768465049987,25557.5,250.0,25555.7,250.0
1768465050450,25557.7,250.0,25555.9,250.0
1768465050759,25557.2,250.0,25555.4,250.0
1768465051069,25557.4,250.0,25555.6,250.0
1768465051455,25557.5,250.0,25555.7,250.0
1768465051561,25557.4,250.0,25555.6,250.0
1768465051763,25557.5,250.0,25555.7,250.0
1768465052073,25557.3,250.0,25555.5,250.0
1768465052383,25557.0,250.0,25555.2,250.0
1768465052694,25557.5,250.0,25555.7,250.0
1768465053076,25557.4,250.0,25555.6,250.0
1768465053386,25557.5,250.0,25555.7,250.0
1768465053695,25557.3,250.0,25555.5,250.0
1768465054007,25557.4,250.0,25555.6,250.0
1768465054338,25557.5,250.0,25555.7,250.0
1768465054649,25557.6,250.0,25555.8,250.0
1768465054811,25557.5,250.0,25555.7,250.0
1768465054957,25557.6,250.0,25555.8,250.0
1768465055267,25557.8,250.0,25556.0,250.0
1768465055577,25558.0,250.0,25556.2,250.0
1768465056200,25560.7,250.0,25558.9,250.0
1768465056507,25560.6,250.0,25558.8,250.0
1768465056815,25560.5,250.0,25558.7,250.0
1768465057127,25559.6,250.0,25557.8,250.0
1768465057438,25559.7,250.0,25557.9,250.0
1768465057756,25560.0,250.0,25558.2,250.0
1768465058149,25559.8,250.0,25558.0,250.0
1768465058456,25559.5,250.0,25557.7,250.0
1768465058768,25559.7,250.0,25557.9,250.0
1768465059081,25559.8,250.0,25558.0,250.0
1768465059389,25560.5,250.0,25558.7,250.0
1768465059695,25560.1,250.0,25558.3,250.0
1768465060010,25560.5,250.0,25558.7,250.0
1768465060320,25560.1,250.0,25558.3,250.0
1768465060649,25560.2,250.0,25558.4,250.0
1768465060958,25560.1,250.0,25558.3,250.0
1768465061271,25560.3,250.0,25558.5,250.0
1768465061771,25560.5,250.0,25558.7,250.0
1768465062082,25560.3,250.0,25558.5,250.0
1768465062622,25560.5,250.0,25558.7,250.0
1768465062896,25560.4,250.0,25558.6,250.0
1768465063317,25560.2,250.0,25558.4,250.0
1768465063626,25560.6,250.0,25558.8,250.0
1768465063937,25561.4,250.0,25559.6,250.0
1768465064247,25561.6,250.0,25559.8,250.0
1768465064557,25561.9,250.0,25560.1,250.0
1768465064841,25561.8,250.0,25560.0,250.0
1768465065175,25561.0,250.0,25559.2,250.0
1768465065486,25560.5,250.0,25558.7,250.0
1768465065795,25560.7,250.0,25558.9,250.0
1768465066105,25560.5,250.0,25558.7,250.0
1768465066415,25560.6,250.0,25558.8,250.0
1768465066725,25560.5,250.0,25558.7,250.0
1768465067035,25560.2,250.0,25558.4,250.0
1768465067346,25560.3,250.0,25558.5,250.0
1768465067655,25560.5,250.0,25558.7,250.0
1768465067967,25560.7,250.0,25558.9,250.0
1768465068298,25561.1,250.0,25559.3,250.0
1768465068587,25560.6,250.0,25558.8,250.0
1768465069205,25560.7,250.0,25558.9,250.0
1768465069516,25559.6,250.0,25557.8,250.0
1768465069827,25559.2,250.0,25557.4,250.0
1768465070139,25559.0,250.0,25557.2,250.0
1768465070446,25558.7,250.0,25556.9,250.0
1768465070756,25558.2,250.0,25556.4,250.0
1768465071067,25558.8,250.0,25557.0,250.0
1768465071180,25558.7,250.0,25556.9,250.0
1768465071374,25558.6,250.0,25556.8,250.0
1768465072114,25558.5,250.0,25556.7,250.0
1768465072423,25558.9,250.0,25557.1,250.0
1768465072733,25559.0,250.0,25557.2,250.0
1768465073044,25559.4,250.0,25557.6,250.0
1768465073354,25558.6,250.0,25556.8,250.0
1768465073661,25559.0,250.0,25557.2,250.0
1768465074414,25559.1,250.0,25557.3,250.0
1768465074723,25559.2,250.0,25557.4,250.0
1768465075034,25559.4,250.0,25557.6,250.0
1768465075344,25558.6,250.0,25556.8,250.0
1768465075652,25558.7,250.0,25556.9,250.0
1768465076359,25559.1,250.0,25557.3,250.0
1768465076667,25558.9,250.0,25557.1,250.0
1768465077189,25558.7,250.0,25556.9,250.0
1768465077498,25559.0,250.0,25557.2,250.0
1768465078576,25559.5,250.0,25557.7,250.0
1768465078886,25559.2,250.0,25557.4,250.0
1768465079508,25558.4,250.0,25556.6,250.0
1768465079816,25558.9,250.0,25557.1,250.0
1768465080198,25559.0,250.0,25557.2,250.0
1768465080513,25559.1,250.0,25557.3,250.0
1768465080818,25559.0,250.0,25557.2,250.0
1768465081128,25557.9,250.0,25556.1,250.0
1768465081436,25558.0,250.0,25556.2,250.0
1768465081750,25558.4,250.0,25556.6,250.0
1768465082066,25558.9,250.0,25557.1,250.0
1768465082369,25558.4,250.0,25556.6,250.0
1768465082677,25558.6,250.0,25556.8,250.0
1768465082988,25557.8,250.0,25556.0,250.0
1768465083529,25557.6,250.0,25555.8,250.0
1768465083835,25557.4,250.0,25555.6,250.0
1768465084148,25556.8,250.0,25555.0,250.0
1768465084458,25556.6,250.0,25554.8,250.0
1768465084774,25556.3,250.0,25554.5,250.0
1768465086009,25556.1,250.0,25554.3,250.0
1768465086316,25555.3,250.0,25553.5,250.0
1768465086626,25556.3,250.0,25554.5,250.0
1768465086927,25556.4,250.0,25554.6,250.0
1768465087248,25555.4,250.0,25553.6,250.0
1768465087565,25555.6,250.0,25553.8,250.0
1768465087681,25555.5,250.0,25553.7,250.0
1768465087867,25555.4,250.0,25553.6,250.0
1768465088801,25555.3,250.0,25553.5,250.0
1768465089106,25555.5,250.0,25553.7,250.0
1768465089729,25555.4,250.0,25553.6,250.0
1768465090355,25555.5,250.0,25553.7,250.0
1768465090665,25552.6,250.0,25550.8,250.0
1768465090972,25552.7,250.0,25550.9,250.0
1768465091306,25552.4,250.0,25550.6,250.0
1768465091597,25553.7,250.0,25551.9,250.0
1768465091903,25554.7,250.0,25552.9,250.0
1768465092522,25554.6,250.0,25552.8,250.0
1768465092840,25554.5,250.0,25552.7,250.0
1768465093142,25554.6,250.0,25552.8,250.0
1768465093479,25554.5,250.0,25552.7,250.0
1768465093791,25555.8,250.0,25554.0,250.0
1768465094102,25556.0,250.0,25554.2,250.0
1768465094721,25555.8,250.0,25554.0,250.0
1768465094896,25556.0,250.0,25554.2,250.0
1768465095308,25555.9,250.0,25554.1,250.0
1768465095463,25555.8,250.0,25554.0,250.0
1768465095636,25555.7,250.0,25553.9,250.0
1768465095926,25556.1,250.0,25554.3,250.0
1768465096237,25555.8,250.0,25554.0,250.0
1768465096546,25556.1,250.0,25554.3,250.0
1768465096856,25557.4,250.0,25555.6,250.0
1768465097172,25557.6,250.0,25555.8,250.0
1768465097476,25558.1,250.0,25556.3,250.0
1768465098096,25557.8,250.0,25556.0,250.0
1768465098406,25558.1,250.0,25556.3,250.0
1768465098623,25558.0,250.0,25556.2,250.0
1768465098996,25557.6,250.0,25555.8,250.0
1768465099337,25556.3,250.0,25554.5,250.0
1768465099644,25556.6,250.0,25554.8,250.0
1768465100078,25556.5,250.0,25554.7,250.0
1768465100386,25556.8,250.0,25555.0,250.0
1768465100697,25556.6,250.0,25554.8,250.0
1768465101241,25556.7,250.0,25554.9,250.0
1768465101552,25556.6,250.0,25554.8,250.0
1768465101817,25556.5,250.0,25554.7,250.0
1768465102180,25555.8,250.0,25554.0,250.0
1768465102479,25555.3,250.0,25553.5,250.0
1768465102791,25555.1,250.0,25553.3,250.0
1768465103101,25555.7,250.0,25553.9,250.0
1768465103330,25555.8,250.0,25554.0,250.0
1768465103720,25555.3,250.0,25553.5,250.0
1768465104079,25555.4,250.0,25553.6,250.0
1768465104389,25555.8,250.0,25554.0,250.0
1768465104531,25555.7,250.0,25553.9,250.0
1768465104696,25555.2,250.0,25553.4,250.0
1768465105080,25555.4,250.0,25553.6,250.0
1768465105317,25556.1,250.0,25554.3,250.0
1768465105627,25555.9,250.0,25554.1,250.0
1768465106121,25555.8,250.0,25554.0,250.0
1768465106223,25555.7,250.0,25553.9,250.0
1768465106535,25555.5,250.0,25553.7,250.0
1768465107212,25555.4,250.0,25553.6,250.0
1768465107523,25555.3,250.0,25553.5,250.0
1768465107737,25555.2,250.0,25553.4,250.0
1768465107908,25555.3,250.0,25553.5,250.0
1768465108223,25555.2,250.0,25553.4,250.0
1768465108727,25555.3,250.0,25553.5,250.0
1768465109039,25557.4,250.0,25555.6,250.0
1768465109345,25557.9,250.0,25556.1,250.0
1768465109965,25558.1,250.0,25556.3,250.0
1768465110278,25557.0,250.0,25555.2,250.0
1768465110584,25556.4,250.0,25554.6,250.0
1768465110897,25556.6,250.0,25554.8,250.0
1768465111174,25556.7,250.0,25554.9,250.0
1768465111515,25556.9,250.0,25555.1,250.0
1768465111825,25556.5,250.0,25554.7,250.0
1768465112137,25556.6,250.0,25554.8,250.0
1768465112446,25557.0,250.0,25555.2,250.0
1768465112772,25557.1,250.0,25555.3,250.0
1768465113085,25557.5,250.0,25555.7,250.0
1768465113456,25557.4,250.0,25555.6,250.0
1768465113608,25557.5,250.0,25555.7,250.0
1768465113766,25556.6,250.0,25554.8,250.0
1768465114415,25556.5,250.0,25554.7,250.0
1768465114724,25556.6,250.0,25554.8,250.0
1768465115083,25556.7,250.0,25554.9,250.0
1768465115389,25556.8,250.0,25555.0,250.0
1768465115718,25556.6,250.0,25554.8,250.0
1768465116009,25557.1,250.0,25555.3,250.0
1768465116297,25557.4,250.0,25555.6,250.0
1768465116657,25556.7,250.0,25554.9,250.0
1768465116961,25556.6,250.0,25554.8,250.0
1768465117535,25556.4,250.0,25554.6,250.0
1768465117844,25556.2,250.0,25554.4,250.0
1768465118007,25556.0,250.0,25554.2,250.0
1768465118154,25556.2,250.0,25554.4,250.0
1768465118465,25556.8,250.0,25555.0,250.0
1768465118570,25556.7,250.0,25554.9,250.0
1768465118776,25557.1,250.0,25555.3,250.0
1768465119084,25557.0,250.0,25555.2,250.0
1768465119309,25556.9,250.0,25555.1,250.0
1768465119636,25556.7,250.0,25554.9,250.0
1768465120014,25556.6,250.0,25554.8,250.0
1768465120327,25556.2,250.0,25554.4,250.0
1768465120946,25556.7,250.0,25554.9,250.0
1768465121179,25556.8,250.0,25555.0,250.0
1768465121566,25556.7,250.0,25554.9,250.0
1768465121876,25556.8,250.0,25555.0,250.0
1768465122186,25556.5,250.0,25554.7,250.0
1768465123037,25556.7,250.0,25554.9,250.0
1768465123349,25557.5,250.0,25555.7,250.0
1768465123656,25557.2,250.0,25555.4,250.0
1768465123965,25556.3,250.0,25554.5,250.0
1768465124278,25556.2,250.0,25554.4,250.0
1768465124663,25556.0,250.0,25554.2,250.0
1768465124861,25556.2,250.0,25554.4,250.0
1768465125279,25556.0,250.0,25554.2,250.0
1768465125901,25556.2,250.0,25554.4,250.0
1768465126213,25556.7,250.0,25554.9,250.0
1768465126523,25556.5,250.0,25554.7,250.0
1768465126830,25556.2,250.0,25554.4,250.0
1768465127143,25555.8,250.0,25554.0,250.0
1768465127453,25556.0,250.0,25554.2,250.0
1768465127762,25555.8,250.0,25554.0,250.0
1768465128072,25555.3,250.0,25553.5,250.0
1768465128561,25555.2,250.0,25553.4,250.0
1768465128870,25555.3,250.0,25553.5,250.0
1768465129181,25554.7,250.0,25552.9,250.0
1768465129490,25554.4,250.0,25552.6,250.0
1768465130420,25554.2,250.0,25552.4,250.0
1768465130730,25554.3,250.0,25552.5,250.0
1768465131039,25554.2,250.0,25552.4,250.0
1768465131350,25555.0,250.0,25553.2,250.0
1768465131942,25554.9,250.0,25553.1,250.0
1768465132248,25554.5,250.0,25552.7,250.0
1768465132877,25555.2,250.0,25553.4,250.0
1768465133184,25554.1,250.0,25552.3,250.0
1768465133492,25554.2,250.0,25552.4,250.0
1768465133830,25554.4,250.0,25552.6,250.0
1768465134158,25554.7,250.0,25552.9,250.0
1768465134450,25554.4,250.0,25552.6,250.0
1768465134761,25554.2,250.0,25552.4,250.0
1768465135294,25554.0,250.0,25552.2,250.0
1768465135683,25554.1,250.0,25552.3,250.0
1768465135989,25554.3,250.0,25552.5,250.0
1768465136302,25553.8,250.0,25552.0,250.0
1768465136724,25554.0,250.0,25552.2,250.0
1768465137261,25553.8,250.0,25552.0,250.0
1768465137754,25554.0,250.0,25552.2,250.0
1768465138063,25554.2,250.0,25552.4,250.0
1768465138245,25554.0,250.0,25552.2,250.0
1768465138371,25553.8,250.0,25552.0,250.0
1768465138683,25554.6,250.0,25552.8,250.0
1768465138995,25554.8,250.0,25553.0,250.0
1768465139300,25555.0,250.0,25553.2,250.0
1768465139686,25554.8,250.0,25553.0,250.0
1768465140306,25555.0,250.0,25553.2,250.0
1768465140617,25555.5,250.0,25553.7,250.0
1768465140928,25555.7,250.0,25553.9,250.0
1768465141237,25555.3,250.0,25553.5,250.0
1768465141856,25555.2,250.0,25553.4,250.0
1768465142166,25554.5,250.0,25552.7,250.0
1768465142784,25554.8,250.0,25553.0,250.0
1768465143407,25555.0,250.0,25553.2,250.0
1768465143717,25555.7,250.0,25553.9,250.0
1768465144027,25556.3,250.0,25554.5,250.0
1768465144538,25556.2,250.0,25554.4,250.0
1768465144847,25556.0,250.0,25554.2,250.0
1768465145158,25556.3,250.0,25554.5,250.0
1768465145467,25556.7,250.0,25554.9,250.0
1768465145779,25556.6,250.0,25554.8,250.0
1768465146083,25556.2,250.0,25554.4,250.0
1768465146397,25556.4,250.0,25554.6,250.0
1768465146707,25556.3,250.0,25554.5,250.0
1768465147016,25555.9,250.0,25554.1,250.0
1768465147715,25556.1,250.0,25554.3,250.0
1768465148023,25555.9,250.0,25554.1,250.0
1768465148664,25555.8,250.0,25554.0,250.0
1768465148973,25554.8,250.0,25553.0,250.0
1768465149282,25554.3,250.0,25552.5,250.0
1768465149592,25554.8,250.0,25553.0,250.0
1768465149903,25554.9,250.0,25553.1,250.0
1768465150214,25555.2,250.0,25553.4,250.0
1768465150459,25555.4,250.0,25553.6,250.0
1768465150833,25555.3,250.0,25553.5,250.0
1768465151142,25555.2,250.0,25553.4,250.0
1768465151686,25555.4,250.0,25553.6,250.0
1768465151995,25555.8,250.0,25554.0,250.0
1768465152779,25555.7,250.0,25553.9,250.0
1768465152973,25555.9,250.0,25554.1,250.0
1768465153399,25556.1,250.0,25554.3,250.0
1768465153926,25555.9,250.0,25554.1,250.0
1768465154060,25555.8,250.0,25554.0,250.0
1768465154235,25555.4,250.0,25553.6,250.0
1768465154548,25555.5,250.0,25553.7,250.0
1768465154857,25555.6,250.0,25553.8,250.0
1768465155150,25555.4,250.0,25553.6,250.0
1768465155477,25554.9,250.0,25553.1,250.0
1768465155783,25553.6,250.0,25551.8,250.0
1768465156102,25553.5,250.0,25551.7,250.0
1768465156413,25553.4,250.0,25551.6,250.0
1768465156723,25553.3,250.0,25551.5,250.0
1768465157031,25553.4,250.0,25551.6,250.0
1768465157342,25553.2,250.0,25551.4,250.0
1768465157963,25553.3,250.0,25551.5,250.0
1768465158689,25552.2,250.0,25550.4,250.0
1768465159003,25552.3,250.0,25550.5,250.0
1768465159314,25552.6,250.0,25550.8,250.0
1768465159622,25551.7,250.0,25549.9,250.0
1768465159932,25552.2,250.0,25550.4,250.0
1768465160240,25553.0,250.0,25551.2,250.0
1768465160551,25552.7,250.0,25550.9,250.0
1768465160861,25550.5,250.0,25548.7,250.0
1768465161480,25551.1,250.0,25549.3,250.0
1768465161793,25550.5,250.0,25548.7,250.0
1768465162100,25550.2,250.0,25548.4,250.0
1768465162415,25550.3,250.0,25548.5,250.0
1768465162723,25550.5,250.0,25548.7,250.0
1768465163034,25550.1,250.0,25548.3,250.0
1768465163343,25550.4,250.0,25548.6,250.0
1768465163651,25550.2,250.0,25548.4,250.0
1768465163961,25550.7,250.0,25548.9,250.0
1768465164582,25550.4,250.0,25548.6,250.0
1768465164892,25550.2,250.0,25548.4,250.0
1768465165202,25550.0,250.0,25548.2,250.0
1768465165623,25549.8,250.0,25548.0,250.0
1768465166075,25549.9,250.0,25548.1,250.0
1768465166384,25550.0,250.0,25548.2,250.0
1768465166695,25549.9,250.0,25548.1,250.0
1768465167001,25550.0,250.0,25548.2,250.0
1768465167320,25549.5,250.0,25547.7,250.0
1768465167624,25549.3,250.0,25547.5,250.0
1768465167933,25549.4,250.0,25547.6,250.0
1768465168123,25549.3,250.0,25547.5,250.0
1768465168467,25549.2,250.0,25547.4,250.0
1768465168577,25549.1,250.0,25547.3,250.0
1768465168887,25549.6,250.0,25547.8,250.0
1768465169196,25549.4,250.0,25547.6,250.0
1768465169507,25549.2,250.0,25547.4,250.0
1768465169818,25549.7,250.0,25547.9,250.0
1768465170444,25549.4,250.0,25547.6,250.0
1768465170747,25549.2,250.0,25547.4,250.0
1768465171057,25548.6,250.0,25546.8,250.0
1768465171367,25547.1,250.0,25545.3,250.0
1768465171678,25546.8,250.0,25545.0,250.0
1768465171986,25547.2,250.0,25545.4,250.0
1768465172096,25547.5,250.0,25545.7,250.0
1768465172238,25547.4,250.0,25545.6,250.0
1768465172604,25547.6,250.0,25545.8,250.0
1768465172918,25548.0,250.0,25546.2,250.0
1768465173228,25547.7,250.0,25545.9,250.0
1768465173539,25548.5,250.0,25546.7,250.0
1768465173779,25548.4,250.0,25546.6,250.0
1768465174059,25548.9,250.0,25547.1,250.0
1768465174450,25548.8,250.0,25547.0,250.0
1768465175044,25549.1,250.0,25547.3,250.0
1768465175539,25548.7,250.0,25546.9,250.0
1768465175680,25548.4,250.0,25546.6,250.0
1768465175790,25548.8,250.0,25547.0,250.0
1768465176005,25549.6,250.0,25547.8,250.0
1768465176309,25549.9,250.0,25548.1,250.0
1768465176577,25550.2,250.0,25548.4,250.0
1768465176929,25550.3,250.0,25548.5,250.0
1768465177549,25549.5,250.0,25547.7,250.0
1768465177861,25547.9,250.0,25546.1,250.0
1768465177990,25547.7,250.0,25545.9,250.0
1768465178169,25547.3,250.0,25545.5,250.0
1768465178481,25547.1,250.0,25545.3,250.0
1768465179099,25547.3,250.0,25545.5,250.0
1768465179411,25547.1,250.0,25545.3,250.0
1768465179564,25547.2,250.0,25545.4,250.0
1768465179721,25547.1,250.0,25545.3,250.0
1768465179910,25547.2,250.0,25545.4,250.0
1768465180025,25547.3,250.0,25545.5,250.0
1768465180305,25547.2,250.0,25545.4,250.0
1768465180671,25546.9,250.0,25545.1,250.0
1768465180819,25546.8,250.0,25545.0,250.0
1768465180957,25547.7,250.0,25545.9,250.0
1768465181276,25547.4,250.0,25545.6,250.0
1768465181434,25547.5,250.0,25545.7,250.0
1768465181579,25547.6,250.0,25545.8,250.0
1768465181891,25547.5,250.0,25545.7,250.0
1768465182226,25547.7,250.0,25545.9,250.0
1768465182329,25547.8,250.0,25546.0,250.0
1768465182640,25548.4,250.0,25546.6,250.0
1768465182967,25549.2,250.0,25547.4,250.0
1768465183879,25550.0,250.0,25548.2,250.0
1768465184004,25550.3,250.0,25548.5,250.0
1768465184191,25550.1,250.0,25548.3,250.0
1768465184712,25550.3,250.0,25548.5,250.0
1768465185329,25551.3,250.0,25549.5,250.0
1768465185642,25550.8,250.0,25549.0,250.0
1768465185937,25551.1,250.0,25549.3,250.0
1768465186260,25550.8,250.0,25549.0,250.0
1768465186569,25550.3,250.0,25548.5,250.0
1768465187079,25550.6,250.0,25548.8,250.0
1768465187190,25551.1,250.0,25549.3,250.0
1768465187598,25550.7,250.0,25548.9,250.0
1768465187809,25550.5,250.0,25548.7,250.0
1768465188120,25550.7,250.0,25548.9,250.0
1768465188263,25550.5,250.0,25548.7,250.0
1768465188429,25550.6,250.0,25548.8,250.0
1768465188741,25550.0,250.0,25548.2,250.0
1768465189359,25549.6,250.0,25547.8,250.0
1768465189666,25549.4,250.0,25547.6,250.0
1768465190290,25549.3,250.0,25547.5,250.0
1768465190599,25549.6,250.0,25547.8,250.0
1768465190911,25548.9,250.0,25547.1,250.0
1768465191841,25548.7,250.0,25546.9,250.0
1768465192150,25547.4,250.0,25545.6,250.0
1768465192460,25547.2,250.0,25545.4,250.0
1768465192771,25547.3,250.0,25545.5,250.0
1768465193084,25546.6,250.0,25544.8,250.0
1768465193389,25546.1,250.0,25544.3,250.0
1768465193856,25546.3,250.0,25544.5,250.0
1768465194320,25547.3,250.0,25545.5,250.0
1768465194629,25547.8,250.0,25546.0,250.0
1768465194941,25549.8,250.0,25548.0,250.0
1768465195250,25550.1,250.0,25548.3,250.0
1768465195528,25550.4,250.0,25548.6,250.0
1768465195870,25550.7,250.0,25548.9,250.0
1768465196188,25551.1,250.0,25549.3,250.0
1768465196490,25550.9,250.0,25549.1,250.0
1768465196801,25551.1,250.0,25549.3,250.0
1768465197419,25551.0,250.0,25549.2,250.0
1768465197726,25550.8,250.0,25549.0,250.0
1768465197908,25551.0,250.0,25549.2,250.0
1768465198038,25551.6,250.0,25549.8,250.0
1768465198399,25551.7,250.0,25549.9,250.0
1768465198659,25551.2,250.0,25549.4,250.0
1768465199613,25551.0,250.0,25549.2,250.0
1768465200199,25551.2,250.0,25549.4,250.0
1768465200415,25551.3,250.0,25549.5,250.0
1768465200667,25551.6,250.0,25549.8,250.0
1768465200852,25551.5,250.0,25549.7,250.0
1768465201161,25551.6,250.0,25549.8,250.0
1768465201562,25551.5,250.0,25549.7,250.0
1768465201879,25551.4,250.0,25549.6,250.0
1768465202805,25551.0,250.0,25549.2,250.0
1768465203128,25550.6,250.0,25548.8,250.0
1768465203424,25550.9,250.0,25549.1,250.0
1768465203732,25550.6,250.0,25548.8,250.0
1768465204556,25553.9,250.0,25552.1,250.0
1768465204859,25554.9,250.0,25553.1,250.0
1768465205170,25555.4,250.0,25553.6,250.0
1768465205480,25554.5,250.0,25552.7,250.0
1768465205789,25555.2,250.0,25553.4,250.0
1768465206101,25555.7,250.0,25553.9,250.0
1768465206411,25555.5,250.0,25553.7,250.0
1768465206651,25555.2,250.0,25553.4,250.0
1768465207030,25554.3,250.0,25552.5,250.0
1768465207340,25554.5,250.0,25552.7,250.0
1768465207959,25554.8,250.0,25553.0,250.0
1768465208267,25553.7,250.0,25551.9,250.0
1768465208578,25553.1,250.0,25551.3,250.0
1768465208893,25552.7,250.0,25550.9,250.0
1768465209201,25553.1,250.0,25551.3,250.0
1768465209510,25552.8,250.0,25551.0,250.0
1768465209820,25553.1,250.0,25551.3,250.0
1768465210131,25553.2,250.0,25551.4,250.0
1768465210347,25553.3,250.0,25551.5,250.0
1768465211057,25553.1,250.0,25551.3,250.0
1768465211367,25553.5,250.0,25551.7,250.0
1768465211679,25553.9,250.0,25552.1,250.0
1768465211989,25554.0,250.0,25552.2,250.0
1768465212298,25554.3,250.0,25552.5,250.0
1768465212609,25555.5,250.0,25553.7,250.0
1768465212919,25557.0,250.0,25555.2,250.0
1768465213230,25557.5,250.0,25555.7,250.0
1768465213538,25557.1,250.0,25555.3,250.0
1768465213769,25557.2,250.0,25555.4,250.0
1768465214780,25557.1,250.0,25555.3,250.0
1768465215007,25556.9,250.0,25555.1,250.0
1768465215400,25556.8,250.0,25555.0,250.0
1768465215708,25555.9,250.0,25554.1,250.0
1768465216024,25555.6,250.0,25553.8,250.0
1768465216331,25556.0,250.0,25554.2,250.0
1768465216639,25555.9,250.0,25554.1,250.0
1768465217084,25556.0,250.0,25554.2,250.0
1768465218291,25556.1,250.0,25554.3,250.0
1768465218599,25556.9,250.0,25555.1,250.0
1768465218908,25556.8,250.0,25555.0,250.0
1768465219217,25556.6,250.0,25554.8,250.0
1768465219527,25557.1,250.0,25555.3,250.0
1768465220001,25557.7,250.0,25555.9,250.0
1768465220107,25557.6,250.0,25555.8,250.0
1768465220459,25557.3,250.0,25555.5,250.0
1768465221077,25557.4,250.0,25555.6,250.0
1768465221390,25557.6,250.0,25555.8,250.0
1768465221617,25557.9,250.0,25556.1,250.0
1768465222008,25558.1,250.0,25556.3,250.0
1768465222316,25557.8,250.0,25556.0,250.0
1768465222627,25557.6,250.0,25555.8,250.0
1768465222938,25557.8,250.0,25556.0,250.0
1768465223248,25557.9,250.0,25556.1,250.0
1768465223559,25557.8,250.0,25556.0,250.0
1768465223868,25557.7,250.0,25555.9,250.0
1768465224269,25557.6,250.0,25555.8,250.0
1768465224579,25557.2,250.0,25555.4,250.0
1768465224737,25557.1,250.0,25555.3,250.0
1768465225213,25557.0,250.0,25555.2,250.0
1768465225511,25556.1,250.0,25554.3,250.0
1768465225818,25556.5,250.0,25554.7,250.0
1768465226173,25556.4,250.0,25554.6,250.0
1768465226482,25555.9,250.0,25554.1,250.0
1768465226792,25555.8,250.0,25554.0,250.0
1768465227103,25555.6,250.0,25553.8,250.0
1768465227413,25555.5,250.0,25553.7,250.0
1768465227723,25555.6,250.0,25553.8,250.0
1768465228033,25555.5,250.0,25553.7,250.0
1768465228344,25556.0,250.0,25554.2,250.0
1768465228638,25555.8,250.0,25554.0,250.0
1768465228963,25555.4,250.0,25553.6,250.0
1768465229290,25555.9,250.0,25554.1,250.0
1768465229580,25556.0,250.0,25554.2,250.0
1768465229893,25556.5,250.0,25554.7,250.0
1768465230201,25557.8,250.0,25556.0,250.0
1768465230514,25558.0,250.0,25556.2,250.0
1768465230823,25558.5,250.0,25556.7,250.0
1768465231137,25559.5,250.0,25557.7,250.0
1768465231443,25559.9,250.0,25558.1,250.0
1768465231776,25560.0,250.0,25558.2,250.0
1768465232062,25559.9,250.0,25558.1,250.0
1768465232374,25560.0,250.0,25558.2,250.0
1768465232682,25559.9,250.0,25558.1,250.0
1768465232996,25560.4,250.0,25558.6,250.0
1768465233438,25560.5,250.0,25558.7,250.0
1768465233680,25560.3,250.0,25558.5,250.0
1768465233966,25560.2,250.0,25558.4,250.0
1768465234107,25559.8,250.0,25558.0,250.0
1768465234300,25559.9,250.0,25558.1,250.0
1768465234610,25560.0,250.0,25558.2,250.0
1768465234926,25559.8,250.0,25558.0,250.0
1768465235228,25560.5,250.0,25558.7,250.0
1768465235540,25560.0,250.0,25558.2,250.0
1768465235850,25559.8,250.0,25558.0,250.0
1768465236161,25560.2,250.0,25558.4,250.0
1768465236471,25559.8,250.0,25558.0,250.0
1768465236646,25559.2,250.0,25557.4,250.0
1768465236802,25559.1,250.0,25557.3,250.0
1768465237113,25559.3,250.0,25557.5,250.0
1768465237422,25559.1,250.0,25557.3,250.0
1768465237583,25559.2,250.0,25557.4,250.0
1768465238042,25559.6,250.0,25557.8,250.0
1768465238971,25559.7,250.0,25557.9,250.0
1768465239282,25559.5,250.0,25557.7,250.0
1768465239590,25559.8,250.0,25558.0,250.0
1768465239904,25560.0,250.0,25558.2,250.0
1768465240213,25558.7,250.0,25556.9,250.0
1768465240523,25558.5,250.0,25556.7,250.0
1768465240883,25558.6,250.0,25556.8,250.0
1768465241188,25557.0,250.0,25555.2,250.0
1768465241498,25557.8,250.0,25556.0,250.0
1768465241807,25557.7,250.0,25555.9,250.0
1768465242118,25557.3,250.0,25555.5,250.0
1768465242426,25558.2,250.0,25556.4,250.0
1768465242736,25558.5,250.0,25556.7,250.0
1768465243056,25560.2,250.0,25558.4,250.0
1768465243358,25559.5,250.0,25557.7,250.0
1768465243668,25559.3,250.0,25557.5,250.0
1768465243976,25557.8,250.0,25556.0,250.0
1768465244289,25557.6,250.0,25555.8,250.0
1768465244598,25557.8,250.0,25556.0,250.0
1768465244910,25558.2,250.0,25556.4,250.0
1768465245120,25558.4,250.0,25556.6,250.0
1768465245528,25558.9,250.0,25557.1,250.0
1768465245840,25559.0,250.0,25557.2,250.0
1768465246148,25558.2,250.0,25556.4,250.0
1768465246309,25557.9,250.0,25556.1,250.0
1768465246931,25557.5,250.0,25555.7,250.0
1768465247170,25557.6,250.0,25555.8,250.0
1768465247361,25558.0,250.0,25556.2,250.0
1768465247472,25558.2,250.0,25556.4,250.0
1768465247783,25557.9,250.0,25556.1,250.0
1768465247916,25557.7,250.0,25555.9,250.0
1768465248090,25557.9,250.0,25556.1,250.0
1768465248399,25557.7,250.0,25555.9,250.0
1768465248713,25557.3,250.0,25555.5,250.0
1768465249024,25557.4,250.0,25555.6,250.0
1768465249389,25557.3,250.0,25555.5,250.0
1768465249681,25557.2,250.0,25555.4,250.0
1768465250010,25556.9,250.0,25555.1,250.0
1768465250320,25557.4,250.0,25555.6,250.0
1768465250629,25557.1,250.0,25555.3,250.0
1768465250939,25557.0,250.0,25555.2,250.0
1768465251251,25557.6,250.0,25555.8,250.0
1768465251870,25557.4,250.0,25555.6,250.0
1768465252166,25557.2,250.0,25555.4,250.0
1768465252191,25558.5,250.0,25556.7,250.0
1768465252498,25557.7,250.0,25555.9,250.0
1768465252800,25557.6,250.0,25555.8,250.0
1768465253110,25557.8,250.0,25556.0,250.0
1768465253400,25557.7,250.0,25555.9,250.0
1768465253731,25558.0,250.0,25556.2,250.0
1768465254040,25557.9,250.0,25556.1,250.0
1768465254351,25558.2,250.0,25556.4,250.0
1768465254660,25558.3,250.0,25556.5,250.0
1768465255321,25558.4,250.0,25556.6,250.0
1768465255639,25558.0,250.0,25556.2,250.0
1768465256089,25558.2,250.0,25556.4,250.0
1768465256713,25558.4,250.0,25556.6,250.0
1768465257020,25558.3,250.0,25556.5,250.0
1768465257331,25558.5,250.0,25556.7,250.0
1768465257949,25558.4,250.0,25556.6,250.0
1768465258260,25558.5,250.0,25556.7,250.0
1768465258568,25559.3,250.0,25557.5,250.0
1768465258750,25559.5,250.0,25557.7,250.0
1768465258879,25559.4,250.0,25557.6,250.0
1768465259061,25559.6,250.0,25557.8,250.0
1768465259191,25560.0,250.0,25558.2,250.0
1768465259500,25559.9,250.0,25558.1,250.0
1768465259810,25560.3,250.0,25558.5,250.0
1768465260335,25560.5,250.0,25558.7,250.0
1768465260521,25560.3,250.0,25558.5,250.0
1768465260760,25559.4,250.0,25557.6,250.0
1768465261050,25559.9,250.0,25558.1,250.0
1768465261370,25560.3,250.0,25558.5,250.0
1768465261669,25560.1,250.0,25558.3,250.0
1768465262269,25559.9,250.0,25558.1,250.0
1768465262601,25560.6,250.0,25558.8,250.0
1768465262910,25560.8,250.0,25559.0,250.0
1768465263027,25560.9,250.0,25559.1,250.0
1768465263221,25561.1,250.0,25559.3,250.0
1768465263530,25561.2,250.0,25559.4,250.0
1768465264151,25561.4,250.0,25559.6,250.0
1768465264461,25561.7,250.0,25559.9,250.0
1768465264771,25561.8,250.0,25560.0,250.0
1768465265079,25561.6,250.0,25559.8,250.0
1768465265391,25561.8,250.0,25560.0,250.0
1768465265701,25561.7,250.0,25559.9,250.0
1768465265914,25561.4,250.0,25559.6,250.0
1768465266630,25561.7,250.0,25559.9,250.0
1768465266938,25561.8,250.0,25560.0,250.0
1768465267403,25561.9,250.0,25560.1,250.0
1768465267714,25561.8,250.0,25560.0,250.0
1768465267900,25561.6,250.0,25559.8,250.0
1768465268021,25561.7,250.0,25559.9,250.0
1768465268334,25561.8,250.0,25560.0,250.0
1768465268644,25561.4,250.0,25559.6,250.0
1768465268954,25561.5,250.0,25559.7,250.0
1768465269575,25561.9,250.0,25560.1,250.0
1768465269885,25562.7,250.0,25560.9,250.0
1768465270315,25562.5,250.0,25560.7,250.0
1768465270568,25562.6,250.0,25560.8,250.0
1768465270879,25562.3,250.0,25560.5,250.0
1768465271190,25563.1,250.0,25561.3,250.0
1768465271831,25563.2,250.0,25561.4,250.0
1768465272116,25563.6,250.0,25561.8,250.0
1768465272316,25564.0,250.0,25562.2,250.0
1768465272427,25563.8,250.0,25562.0,250.0
1768465272996,25563.9,250.0,25562.1,250.0
1768465273307,25564.1,250.0,25562.3,250.0
1768465273581,25564.0,250.0,25562.2,250.0
1768465273705,25564.1,250.0,25562.3,250.0
1768465274019,25564.7,250.0,25562.9,250.0
1768465274149,25564.9,250.0,25563.1,250.0
1768465274326,25564.8,250.0,25563.0,250.0
1768465274635,25564.6,250.0,25562.8,250.0
1768465274890,25564.5,250.0,25562.7,250.0
1768465275056,25564.4,250.0,25562.6,250.0
1768465275365,25564.5,250.0,25562.7,250.0
1768465275673,25564.6,250.0,25562.8,250.0
1768465275985,25564.5,250.0,25562.7,250.0
1768465276242,25564.3,250.0,25562.5,250.0
1768465276527,25564.0,250.0,25562.2,250.0
1768465276917,25562.3,250.0,25560.5,250.0
1768465277536,25562.5,250.0,25560.7,250.0
1768465277870,25562.3,250.0,25560.5,250.0
1768465278180,25562.6,250.0,25560.8,250.0
1768465278487,25562.3,250.0,25560.5,250.0
1768465279059,25561.8,250.0,25560.0,250.0
1768465279432,25562.8,250.0,25561.0,250.0
1768465279743,25562.1,250.0,25560.3,250.0
1768465279917,25562.5,250.0,25560.7,250.0
1768465280052,25562.0,250.0,25560.2,250.0
1768465280736,25561.8,250.0,25560.0,250.0
1768465281044,25561.7,250.0,25559.9,250.0
1768465281355,25561.6,250.0,25559.8,250.0
1768465281663,25562.0,250.0,25560.2,250.0
1768465281974,25562.6,250.0,25560.8,250.0
1768465282287,25562.4,250.0,25560.6,250.0
1768465282594,25562.1,250.0,25560.3,250.0
1768465282906,25561.9,250.0,25560.1,250.0
1768465283164,25561.7,250.0,25559.9,250.0
1768465283521,25561.3,250.0,25559.5,250.0
1768465283834,25560.3,250.0,25558.5,250.0
1768465284153,25560.2,250.0,25558.4,250.0
1768465284475,25559.1,250.0,25557.3,250.0
1768465284765,25560.2,250.0,25558.4,250.0
1768465285076,25560.3,250.0,25558.5,250.0
1768465285419,25560.2,250.0,25558.4,250.0
1768465285730,25559.4,250.0,25557.6,250.0
1768465286381,25560.1,250.0,25558.3,250.0
1768465286690,25560.6,250.0,25558.8,250.0
1768465287000,25559.8,250.0,25558.0,250.0
1768465287310,25559.2,250.0,25557.4,250.0
1768465287760,25559.1,250.0,25557.3,250.0
1768465288071,25558.6,250.0,25556.8,250.0
1768465288380,25558.8,250.0,25557.0,250.0
1768465288690,25559.9,250.0,25558.1,250.0
1768465289042,25560.1,250.0,25558.3,250.0
1768465289352,25559.9,250.0,25558.1,250.0
1768465289662,25560.6,250.0,25558.8,250.0
1768465289972,25560.1,250.0,25558.3,250.0
1768465290282,25560.6,250.0,25558.8,250.0
1768465290901,25562.3,250.0,25560.5,250.0
1768465291212,25563.2,250.0,25561.4,250.0
1768465291617,25563.5,250.0,25561.7,250.0
1768465291920,25564.0,250.0,25562.2,250.0
1768465292429,25564.1,250.0,25562.3,250.0
1768465292628,25564.4,250.0,25562.6,250.0
1768465292738,25564.0,250.0,25562.2,250.0
1768465293049,25563.9,250.0,25562.1,250.0
1768465293360,25562.9,250.0,25561.1,250.0
1768465293668,25563.1,250.0,25561.3,250.0
1768465293979,25563.0,250.0,25561.2,250.0
1768465294289,25563.5,250.0,25561.7,250.0
1768465294598,25563.4,250.0,25561.6,250.0
1768465294907,25563.7,250.0,25561.9,250.0
1768465295689,25563.6,250.0,25561.8,250.0
1768465296310,25563.5,250.0,25561.7,250.0
1768465296622,25563.4,250.0,25561.6,250.0
1768465296928,25563.0,250.0,25561.2,250.0
1768465297242,25562.5,250.0,25560.7,250.0
1768465297548,25562.7,250.0,25560.9,250.0
1768465297858,25562.3,250.0,25560.5,250.0
1768465298279,25562.2,250.0,25560.4,250.0
1768465298587,25562.4,250.0,25560.6,250.0
1768465298898,25562.7,250.0,25560.9,250.0
1768465299207,25562.8,250.0,25561.0,250.0
1768465299826,25563.1,250.0,25561.3,250.0
1768465300760,25562.9,250.0,25561.1,250.0
1768465300995,25563.1,250.0,25561.3,250.0
1768465302003,25562.8,250.0,25561.0,250.0
1768465302332,25562.7,250.0,25560.9,250.0
1768465302779,25562.9,250.0,25561.1,250.0
1768465302975,25563.0,250.0,25561.2,250.0
1768465303284,25563.6,250.0,25561.8,250.0
1768465304220,25563.5,250.0,25561.7,250.0
1768465304526,25563.6,250.0,25561.8,250.0
1768465304836,25562.8,250.0,25561.0,250.0
1768465305147,25563.4,250.0,25561.6,250.0
1768465305457,25563.6,250.0,25561.8,250.0
1768465305776,25563.4,250.0,25561.6,250.0
1768465306078,25564.0,250.0,25562.2,250.0
1768465306535,25564.1,250.0,25562.3,250.0
1768465306845,25565.0,250.0,25563.2,250.0
1768465307155,25566.1,250.0,25564.3,250.0
1768465307775,25566.3,250.0,25564.5,250.0
1768465308081,25566.1,250.0,25564.3,250.0
1768465308708,25566.8,250.0,25565.0,250.0
1768465308876,25566.9,250.0,25565.1,250.0
1768465309002,25566.8,250.0,25565.0,250.0
1768465309986,25565.5,250.0,25563.7,250.0
1768465310301,25565.7,250.0,25563.9,250.0
1768465310605,25565.5,250.0,25563.7,250.0
1768465310783,25565.3,250.0,25563.5,250.0
1768465310913,25565.6,250.0,25563.8,250.0
1768465311167,25565.7,250.0,25563.9,250.0
1768465311845,25564.8,250.0,25563.0,250.0
1768465312156,25564.6,250.0,25562.8,250.0
1768465312465,25565.6,250.0,25563.8,250.0
1768465312839,25565.7,250.0,25563.9,250.0
1768465313149,25564.0,250.0,25562.2,250.0
1768465313784,25564.5,250.0,25562.7,250.0
1768465313962,25564.7,250.0,25562.9,250.0
1768465314079,25564.9,250.0,25563.1,250.0
1768465314388,25565.2,250.0,25563.4,250.0
1768465315125,25564.6,250.0,25562.8,250.0
1768465315433,25565.2,250.0,25563.4,250.0
1768465315775,25565.1,250.0,25563.3,250.0
1768465316053,25565.2,250.0,25563.4,250.0
1768465316363,25565.3,250.0,25563.5,250.0
1768465316674,25565.6,250.0,25563.8,250.0
1768465316980,25566.4,250.0,25564.6,250.0
1768465317293,25566.7,250.0,25564.9,250.0
1768465317601,25566.9,250.0,25565.1,250.0
1768465317912,25566.8,250.0,25565.0,250.0
1768465318223,25567.1,250.0,25565.3,250.0
1768465318533,25566.7,250.0,25564.9,250.0
1768465318846,25566.6,250.0,25564.8,250.0
1768465319054,25566.4,250.0,25564.6,250.0
1768465319752,25566.5,250.0,25564.7,250.0
1768465320070,25566.2,250.0,25564.4,250.0
1768465320243,25566.1,250.0,25564.3,250.0
1768465320371,25565.9,250.0,25564.1,250.0
1768465321123,25565.6,250.0,25563.8,250.0
1768465321326,25565.2,250.0,25563.4,250.0
1768465321434,25563.8,250.0,25562.0,250.0
1768465321742,25563.2,250.0,25561.4,250.0
1768465322053,25563.1,250.0,25561.3,250.0
1768465322478,25562.9,250.0,25561.1,250.0
1768465322671,25563.0,250.0,25561.2,250.0
1768465322982,25562.5,250.0,25560.7,250.0
1768465323600,25562.2,250.0,25560.4,250.0
1768465323918,25562.4,250.0,25560.6,250.0
1768465324222,25562.7,250.0,25560.9,250.0
1768465324532,25562.8,250.0,25561.0,250.0
1768465324973,25562.7,250.0,25560.9,250.0
1768465325281,25562.4,250.0,25560.6,250.0
1768465325593,25561.5,250.0,25559.7,250.0
1768465326211,25562.0,250.0,25560.2,250.0
1768465327301,25562.1,250.0,25560.3,250.0
1768465327610,25562.7,250.0,25560.9,250.0
1768465328308,25562.6,250.0,25560.8,250.0
1768465328624,25561.7,250.0,25559.9,250.0
1768465328772,25561.5,250.0,25559.7,250.0
1768465328930,25561.6,250.0,25559.8,250.0
1768465329240,25561.4,250.0,25559.6,250.0
1768465329875,25561.6,250.0,25559.8,250.0
1768465330406,25561.8,250.0,25560.0,250.0
1768465330674,25562.0,250.0,25560.2,250.0
1768465331025,25561.1,250.0,25559.3,250.0
1768465331309,25560.9,250.0,25559.1,250.0
1768465331823,25560.2,250.0,25558.4,250.0
1768465332133,25560.5,250.0,25558.7,250.0
1768465332443,25560.4,250.0,25558.6,250.0
1768465332664,25560.1,250.0,25558.3,250.0
1768465333106,25560.6,250.0,25558.8,250.0
1768465333400,25560.8,250.0,25559.0,250.0
1768465333781,25560.5,250.0,25558.7,250.0
1768465334090,25560.4,250.0,25558.6,250.0
1768465334736,25560.1,250.0,25558.3,250.0
1768465335457,25558.7,250.0,25556.9,250.0
1768465335602,25559.1,250.0,25557.3,250.0
1768465336079,25559.3,250.0,25557.5,250.0
1768465336387,25558.5,250.0,25556.7,250.0
1768465336782,25558.2,250.0,25556.4,250.0
1768465337144,25558.7,250.0,25556.9,250.0
1768465337280,25558.5,250.0,25556.7,250.0
1768465337451,25558.7,250.0,25556.9,250.0
1768465337761,25558.0,250.0,25556.2,250.0
1768465338207,25558.2,250.0,25556.4,250.0
1768465338308,25558.0,250.0,25556.2,250.0
1768465338514,25557.2,250.0,25555.4,250.0
1768465338826,25557.4,250.0,25555.6,250.0
1768465339456,25557.2,250.0,25555.4,250.0
1768465339765,25556.1,250.0,25554.3,250.0
1768465340673,25557.4,250.0,25555.6,250.0
1768465340985,25557.2,250.0,25555.4,250.0
1768465341293,25557.0,250.0,25555.2,250.0
1768465341605,25556.9,250.0,25555.1,250.0
1768465341915,25556.4,250.0,25554.6,250.0
1768465342087,25556.3,250.0,25554.5,250.0
1768465342223,25556.4,250.0,25554.6,250.0
1768465342607,25556.6,250.0,25554.8,250.0
1768465342916,25557.9,250.0,25556.1,250.0
1768465343227,25557.7,250.0,25555.9,250.0
1768465343846,25558.6,250.0,25556.8,250.0
1768465344302,25558.7,250.0,25556.9,250.0
1768465344466,25559.0,250.0,25557.2,250.0
1768465345087,25559.1,250.0,25557.3,250.0
1768465345707,25559.0,250.0,25557.2,250.0
1768465346017,25559.1,250.0,25557.3,250.0
1768465346325,25559.3,250.0,25557.5,250.0
1768465346636,25559.5,250.0,25557.7,250.0
1768465346946,25559.1,250.0,25557.3,250.0
1768465347566,25559.3,250.0,25557.5,250.0
1768465347878,25559.5,250.0,25557.7,250.0
1768465348187,25559.1,250.0,25557.3,250.0
1768465348498,25559.5,250.0,25557.7,250.0
1768465348808,25559.8,250.0,25558.0,250.0
1768465349104,25560.0,250.0,25558.2,250.0
1768465349427,25560.3,250.0,25558.5,250.0
1768465349737,25559.9,250.0,25558.1,250.0
1768465350346,25560.0,250.0,25558.2,250.0
1768465351287,25559.4,250.0,25557.6,250.0
1768465351676,25559.3,250.0,25557.5,250.0
1768465351986,25558.8,250.0,25557.0,250.0
1768465352805,25558.7,250.0,25556.9,250.0
1768465353426,25558.3,250.0,25556.5,250.0
1768465353654,25558.5,250.0,25556.7,250.0
1768465354045,25558.9,250.0,25557.1,250.0
1768465354356,25559.4,250.0,25557.6,250.0
1768465354665,25559.9,250.0,25558.1,250.0
1768465355284,25560.2,250.0,25558.4,250.0
1768465355596,25560.4,250.0,25558.6,250.0
1768465355902,25559.6,250.0,25557.8,250.0
1768465356543,25559.9,250.0,25558.1,250.0
1768465356834,25559.7,250.0,25557.9,250.0
1768465357147,25558.7,250.0,25556.9,250.0
1768465357466,25558.6,250.0,25556.8,250.0
1768465357869,25558.8,250.0,25557.0,250.0
1768465358079,25559.0,250.0,25557.2,250.0
1768465358392,25559.1,250.0,25557.3,250.0
1768465358703,25559.0,250.0,25557.2,250.0
1768465359012,25559.6,250.0,25557.8,250.0
1768465359632,25560.1,250.0,25558.3,250.0
1768465359939,25560.2,250.0,25558.4,250.0
1768465360251,25560.8,250.0,25559.0,250.0
1768465360493,25561.1,250.0,25559.3,250.0
1768465360641,25561.3,250.0,25559.5,250.0
1768465360765,25561.1,250.0,25559.3,250.0
1768465361571,25561.2,250.0,25559.4,250.0
1768465361880,25561.8,250.0,25560.0,250.0
1768465362193,25561.6,250.0,25559.8,250.0
1768465362510,25562.5,250.0,25560.7,250.0
1768465363142,25563.2,250.0,25561.4,250.0
1768465363740,25562.8,250.0,25561.0,250.0
1768465364052,25563.1,250.0,25561.3,250.0
1768465364363,25562.7,250.0,25560.9,250.0
1768465365291,25562.6,250.0,25560.8,250.0
1768465365618,25562.3,250.0,25560.5,250.0
1768465367369,25562.2,250.0,25560.4,250.0
1768465367680,25562.0,250.0,25560.2,250.0
1768465367991,25561.5,250.0,25559.7,250.0
1768465368304,25561.6,250.0,25559.8,250.0
1768465368613,25560.2,250.0,25558.4,250.0
1768465368919,25560.7,250.0,25558.9,250.0
1768465369230,25560.6,250.0,25558.8,250.0
1768465369539,25561.2,250.0,25559.4,250.0
1768465369853,25561.3,250.0,25559.5,250.0
1768465370162,25561.0,250.0,25559.2,250.0
1768465370472,25561.2,250.0,25559.4,250.0
1768465370780,25562.1,250.0,25560.3,250.0
1768465371088,25562.5,250.0,25560.7,250.0
1768465371401,25562.8,250.0,25561.0,250.0
1768465371709,25562.7,250.0,25560.9,250.0
1768465372016,25562.2,250.0,25560.4,250.0
1768465372333,25561.7,250.0,25559.9,250.0
1768465372641,25561.4,250.0,25559.6,250.0
1768465372950,25561.5,250.0,25559.7,250.0
1768465373305,25560.9,250.0,25559.1,250.0
1768465373459,25560.8,250.0,25559.0,250.0
1768465373772,25560.9,250.0,25559.1,250.0
1768465373889,25561.3,250.0,25559.5,250.0
1768465374911,25561.2,250.0,25559.4,250.0
1768465375220,25560.8,250.0,25559.0,250.0
1768465375663,25560.9,250.0,25559.1,250.0
1768465375972,25561.3,250.0,25559.5,250.0
1768465376283,25561.0,250.0,25559.2,250.0
1768465376592,25560.8,250.0,25559.0,250.0
1768465376903,25561.0,250.0,25559.2,250.0
1768465377263,25560.9,250.0,25559.1,250.0
1768465377575,25561.8,250.0,25560.0,250.0
1768465377885,25562.5,250.0,25560.7,250.0
1768465378196,25562.0,250.0,25560.2,250.0
1768465378505,25561.8,250.0,25560.0,250.0
1768465378816,25562.3,250.0,25560.5,250.0
1768465379125,25562.4,250.0,25560.6,250.0
1768465379436,25562.5,250.0,25560.7,250.0
1768465379548,25562.2,250.0,25560.4,250.0
1768465380225,25562.3,250.0,25560.5,250.0
1768465380536,25562.2,250.0,25560.4,250.0
1768465381155,25561.7,250.0,25559.9,250.0
1768465381661,25561.8,250.0,25560.0,250.0
1768465381941,25561.9,250.0,25560.1,250.0
1768465382284,25561.5,250.0,25559.7,250.0
1768465382649,25561.6,250.0,25559.8,250.0
1768465382959,25562.0,250.0,25560.2,250.0
1768465383888,25562.7,250.0,25560.9,250.0
1768465384200,25563.2,250.0,25561.4,250.0
1768465384506,25564.2,250.0,25562.4,250.0
1768465385440,25564.1,250.0,25562.3,250.0
1768465385762,25564.7,250.0,25562.9,250.0
1768465386045,25564.8,250.0,25563.0,250.0
1768465386991,25565.4,250.0,25563.6,250.0
1768465387298,25565.3,250.0,25563.5,250.0
1768465387919,25565.2,250.0,25563.4,250.0
1768465388230,25564.4,250.0,25562.6,250.0
1768465388581,25564.6,250.0,25562.8,250.0
1768465388891,25564.1,250.0,25562.3,250.0
1768465389200,25564.7,250.0,25562.9,250.0
1768465389606,25564.8,250.0,25563.0,250.0
1768465389918,25565.1,250.0,25563.3,250.0
1768465390031,25565.2,250.0,25563.4,250.0
1768465390846,25565.1,250.0,25563.3,250.0
1768465391141,25565.8,250.0,25564.0,250.0
1768465391167,25567.0,250.0,25565.2,250.0
1768465391467,25566.4,250.0,25564.6,250.0
1768465392087,25568.2,250.0,25566.4,250.0
1768465392396,25568.0,250.0,25566.2,250.0
1768465393176,25567.8,250.0,25566.0,250.0
1768465393626,25567.7,250.0,25565.9,250.0
1768465394243,25567.5,250.0,25565.7,250.0
1768465394551,25567.6,250.0,25565.8,250.0
1768465395173,25567.7,250.0,25565.9,250.0
1768465395482,25567.9,250.0,25566.1,250.0
1768465395793,25566.9,250.0,25565.1,250.0
1768465396104,25567.6,250.0,25565.8,250.0
1768465396381,25567.8,250.0,25566.0,250.0
1768465396608,25568.0,250.0,25566.2,250.0
1768465397399,25568.5,250.0,25566.7,250.0
1768465397711,25567.0,250.0,25565.2,250.0
1768465398024,25567.4,250.0,25565.6,250.0
1768465398332,25567.3,250.0,25565.5,250.0
1768465398641,25567.4,250.0,25565.6,250.0
1768465398953,25567.0,250.0,25565.2,250.0
1768465399259,25566.9,250.0,25565.1,250.0
1768465399572,25566.8,250.0,25565.0,250.0
1768465399881,25566.9,250.0,25565.1,250.0
1768465400148,25566.5,250.0,25564.7,250.0
1768465400518,25567.6,250.0,25565.8,250.0
1768465400823,25568.3,250.0,25566.5,250.0
1768465401136,25568.7,250.0,25566.9,250.0
1768465401449,25568.3,250.0,25566.5,250.0
1768465401755,25567.1,250.0,25565.3,250.0
1768465401951,25567.0,250.0,25565.2,250.0
1768465402064,25567.2,250.0,25565.4,250.0
1768465402376,25567.0,250.0,25565.2,250.0
1768465402686,25567.2,250.0,25565.4,250.0
1768465402995,25567.3,250.0,25565.5,250.0
1768465403307,25567.2,250.0,25565.4,250.0
1768465404249,25567.0,250.0,25565.2,250.0
1768465404838,25567.2,250.0,25565.4,250.0
1768465405112,25566.9,250.0,25565.1,250.0
1768465405146,25568.3,250.0,25566.5,250.0
1768465405458,25568.6,250.0,25566.8,250.0
1768465405769,25568.8,250.0,25567.0,250.0
1768465406078,25567.8,250.0,25566.0,250.0
1768465406390,25568.3,250.0,25566.5,250.0
1768465406698,25568.4,250.0,25566.6,250.0
1768465407011,25568.5,250.0,25566.7,250.0
1768465407318,25568.9,250.0,25567.1,250.0
1768465407697,25569.1,250.0,25567.3,250.0
1768465408003,25569.2,250.0,25567.4,250.0
1768465408314,25569.0,250.0,25567.2,250.0
1768465408625,25568.9,250.0,25567.1,250.0
1768465408932,25568.3,250.0,25566.5,250.0
1768465409242,25569.0,250.0,25567.2,250.0
1768465409561,25568.9,250.0,25567.1,250.0
1768465410174,25568.2,250.0,25566.4,250.0
1768465410280,25568.4,250.0,25566.6,250.0
1768465410793,25568.1,250.0,25566.3,250.0
1768465411103,25568.9,250.0,25567.1,250.0
1768465411414,25568.7,250.0,25566.9,250.0
1768465411723,25568.5,250.0,25566.7,250.0
1768465412033,25568.7,250.0,25566.9,250.0
1768465412344,25569.1,250.0,25567.3,250.0
1768465412653,25569.4,250.0,25567.6,250.0
1768465413312,25569.1,250.0,25567.3,250.0
1768465413448,25569.0,250.0,25567.2,250.0
1768465414070,25568.6,250.0,25566.8,250.0
1768465414379,25567.5,250.0,25565.7,250.0
1768465414655,25567.3,250.0,25565.5,250.0
1768465414930,25567.4,250.0,25565.6,250.0
1768465415309,25567.2,250.0,25565.4,250.0
1768465415623,25567.4,250.0,25565.6,250.0
1768465415934,25567.2,250.0,25565.4,250.0
1768465416239,25567.3,250.0,25565.5,250.0
1768465416547,25567.4,250.0,25565.6,250.0
1768465416858,25567.0,250.0,25565.2,250.0
1768465417169,25567.7,250.0,25565.9,250.0
1768465417477,25568.9,250.0,25567.1,250.0
1768465417790,25569.2,250.0,25567.4,250.0
1768465418410,25569.3,250.0,25567.5,250.0
1768465419059,25569.2,250.0,25567.4,250.0
1768465419369,25570.3,250.0,25568.5,250.0
1768465419680,25570.2,250.0,25568.4,250.0
1768465420015,25570.0,250.0,25568.2,250.0
1768465420977,25569.4,250.0,25567.6,250.0
1768465421600,25569.2,250.0,25567.4,250.0
1768465421740,25569.4,250.0,25567.6,250.0
1768465422587,25569.6,250.0,25567.8,250.0
1768465422897,25569.4,250.0,25567.6,250.0
1768465423194,25569.7,250.0,25567.9,250.0
1768465423305,25569.5,250.0,25567.7,250.0
1768465423471,25569.2,250.0,25567.4,250.0
1768465424136,25567.6,250.0,25565.8,250.0
1768465424446,25567.1,250.0,25565.3,250.0
1768465424724,25567.7,250.0,25565.9,250.0
1768465425069,25568.3,250.0,25566.5,250.0
1768465425579,25568.4,250.0,25566.6,250.0
1768465425882,25568.3,250.0,25566.5,250.0
1768465426229,25568.2,250.0,25566.4,250.0
1768465426538,25567.7,250.0,25565.9,250.0
1768465426848,25567.4,250.0,25565.6,250.0
1768465427157,25566.9,250.0,25565.1,250.0
1768465427467,25568.0,250.0,25566.2,250.0
1768465427775,25568.5,250.0,25566.7,250.0
1768465428099,25567.9,250.0,25566.1,250.0
1768465428397,25567.7,250.0,25565.9,250.0
1768465429215,25567.0,250.0,25565.2,250.0
1768465429946,25566.5,250.0,25564.7,250.0
1768465430286,25566.4,250.0,25564.6,250.0
1768465430595,25566.5,250.0,25564.7,250.0
1768465430888,25566.6,250.0,25564.8,250.0
1768465431216,25566.8,250.0,25565.0,250.0
1768465431525,25566.7,250.0,25564.9,250.0
1768465431835,25567.3,250.0,25565.5,250.0
1768465432455,25567.5,250.0,25565.7,250.0
1768465433053,25567.3,250.0,25565.5,250.0
1768465433362,25566.6,250.0,25564.8,250.0
1768465433982,25566.0,250.0,25564.2,250.0
1768465434604,25566.1,250.0,25564.3,250.0
1768465434946,25566.2,250.0,25564.4,250.0
1768465435257,25567.2,250.0,25565.4,250.0
1768465435566,25567.0,250.0,25565.2,250.0
1768465435874,25566.8,250.0,25565.0,250.0
1768465436576,25567.0,250.0,25565.2,250.0
1768465436886,25566.8,250.0,25565.0,250.0
1768465437554,25567.0,250.0,25565.2,250.0
1768465437862,25567.1,250.0,25565.3,250.0
1768465438173,25566.3,250.0,25564.5,250.0
1768465438482,25565.8,250.0,25564.0,250.0
1768465439164,25566.0,250.0,25564.2,250.0
1768465439472,25566.1,250.0,25564.3,250.0
1768465439782,25566.0,250.0,25564.2,250.0
1768465440185,25565.8,250.0,25564.0,250.0
1768465440495,25565.0,250.0,25563.2,250.0
1768465440843,25564.8,250.0,25563.0,250.0
1768465440993,25565.0,250.0,25563.2,250.0
1768465441153,25565.1,250.0,25563.3,250.0
1768465441273,25564.9,250.0,25563.1,250.0
1768465441772,25564.5,250.0,25562.7,250.0
1768465442393,25565.1,250.0,25563.3,250.0
1768465442704,25565.0,250.0,25563.2,250.0
1768465443013,25564.6,250.0,25562.8,250.0
1768465443324,25564.7,250.0,25562.9,250.0
1768465443943,25564.8,250.0,25563.0,250.0
1768465444266,25561.5,250.0,25559.7,250.0
1768465444415,25561.1,250.0,25559.3,250.0
1768465444566,25560.3,250.0,25558.5,250.0
1768465445082,25560.4,250.0,25558.6,250.0
1768465445391,25560.8,250.0,25559.0,250.0
1768465445700,25561.0,250.0,25559.2,250.0
1768465446527,25561.1,250.0,25559.3,250.0
1768465446728,25560.9,250.0,25559.1,250.0
1768465446834,25561.1,250.0,25559.3,250.0
1768465447143,25561.2,250.0,25559.4,250.0
1768465447547,25561.3,250.0,25559.5,250.0
1768465447856,25561.5,250.0,25559.7,250.0
1768465448655,25561.4,250.0,25559.6,250.0
1768465448961,25561.6,250.0,25559.8,250.0
1768465449270,25561.8,250.0,25560.0,250.0
1768465449525,25561.7,250.0,25559.9,250.0
1768465449894,25561.2,250.0,25559.4,250.0
1768465450202,25560.8,250.0,25559.0,250.0
1768465450891,25560.7,250.0,25558.9,250.0
1768465451098,25560.8,250.0,25559.0,250.0
1768465451197,25562.0,250.0,25560.2,250.0
1768465451505,25560.8,250.0,25559.0,250.0
1768465451962,25560.6,250.0,25558.8,250.0
1768465452273,25560.5,250.0,25558.7,250.0
1768465452581,25560.8,250.0,25559.0,250.0
1768465453260,25561.1,250.0,25559.3,250.0
1768465454272,25560.2,250.0,25558.4,250.0
1768465454581,25560.4,250.0,25558.6,250.0
1768465454891,25560.8,250.0,25559.0,250.0
1768465456008,25560.9,250.0,25559.1,250.0
1768465456815,25560.8,250.0,25559.0,250.0
1768465458054,25561.0,250.0,25559.2,250.0
1768465458365,25560.9,250.0,25559.1,250.0
1768465458675,25560.5,250.0,25558.7,250.0
1768465458986,25561.8,250.0,25560.0,250.0
1768465459293,25562.0,250.0,25560.2,250.0
1768465459611,25562.3,250.0,25560.5,250.0
1768465459964,25562.2,250.0,25560.4,250.0
1768465460269,25562.7,250.0,25560.9,250.0
1768465460581,25562.8,250.0,25561.0,250.0
1768465460899,25563.0,250.0,25561.2,250.0
1768465461207,25563.4,250.0,25561.6,250.0
1768465461828,25562.8,250.0,25561.0,250.0
1768465462157,25562.9,250.0,25561.1,250.0
1768465462587,25563.1,250.0,25561.3,250.0
1768465462898,25562.8,250.0,25561.0,250.0
1768465463209,25563.1,250.0,25561.3,250.0
1768465463519,25562.8,250.0,25561.0,250.0
1768465463828,25561.8,250.0,25560.0,250.0
1768465464183,25561.9,250.0,25560.1,250.0
1768465464350,25562.0,250.0,25560.2,250.0
1768465464661,25562.3,250.0,25560.5,250.0
1768465465098,25562.1,250.0,25560.3,250.0
1768465465409,25561.9,250.0,25560.1,250.0
1768465466030,25562.0,250.0,25560.2,250.0
1768465466338,25561.9,250.0,25560.1,250.0
1768465466647,25562.1,250.0,25560.3,250.0
1768465466957,25561.9,250.0,25560.1,250.0
1768465467815,25562.0,250.0,25560.2,250.0
1768465468124,25559.9,250.0,25558.1,250.0
1768465468437,25559.1,250.0,25557.3,250.0
1768465468741,25559.0,250.0,25557.2,250.0
1768465469054,25558.9,250.0,25557.1,250.0
1768465469467,25559.0,250.0,25557.2,250.0
1768465469778,25558.9,250.0,25557.1,250.0
1768465470087,25558.4,250.0,25556.6,250.0
1768465470399,25559.0,250.0,25557.2,250.0
1768465470706,25559.9,250.0,25558.1,250.0
1768465471015,25559.2,250.0,25557.4,250.0
1768465471638,25559.1,250.0,25557.3,250.0
1768465472256,25559.9,250.0,25558.1,250.0
1768465472818,25560.0,250.0,25558.2,250.0
1768465473187,25559.2,250.0,25557.4,250.0
1768465473805,25559.5,250.0,25557.7,250.0
1768465474118,25560.0,250.0,25558.2,250.0
1768465474571,25559.9,250.0,25558.1,250.0
1768465474881,25560.0,250.0,25558.2,250.0
1768465475352,25559.8,250.0,25558.0,250.0
1768465475661,25560.0,250.0,25558.2,250.0
1768465475970,25559.9,250.0,25558.1,250.0
1768465476281,25560.6,250.0,25558.8,250.0
1768465476653,25560.5,250.0,25558.7,250.0
1768465476965,25560.4,250.0,25558.6,250.0
1768465477274,25560.6,250.0,25558.8,250.0
1768465477582,25559.4,250.0,25557.6,250.0
1768465477894,25559.1,250.0,25557.3,250.0
1768465478203,25558.9,250.0,25557.1,250.0
1768465478514,25558.6,250.0,25556.8,250.0
1768465478909,25558.8,250.0,25557.0,250.0
1768465479217,25559.3,250.0,25557.5,250.0
1768465479527,25559.5,250.0,25557.7,250.0
1768465479837,25559.9,250.0,25558.1,250.0
1768465480566,25559.4,250.0,25557.6,250.0
1768465480881,25559.6,250.0,25557.8,250.0
1768465481185,25560.6,250.0,25558.8,250.0
1768465481496,25560.5,250.0,25558.7,250.0
1768465481805,25560.4,250.0,25558.6,250.0
1768465482427,25561.1,250.0,25559.3,250.0
1768465482739,25560.9,250.0,25559.1,250.0
1768465483119,25560.8,250.0,25559.0,250.0
1768465483424,25560.6,250.0,25558.8,250.0
1768465484392,25561.4,250.0,25559.6,250.0
1768465484699,25561.6,250.0,25559.8,250.0
1768465485024,25561.0,250.0,25559.2,250.0
1768465485325,25561.4,250.0,25559.6,250.0
1768465485942,25561.3,250.0,25559.5,250.0
1768465486251,25561.6,250.0,25559.8,250.0
1768465486872,25561.3,250.0,25559.5,250.0
1768465487180,25562.3,250.0,25560.5,250.0
1768465487493,25561.9,250.0,25560.1,250.0
1768465488114,25562.4,250.0,25560.6,250.0
1768465488421,25562.3,250.0,25560.5,250.0
1768465488731,25562.2,250.0,25560.4,250.0
1768465489041,25561.7,250.0,25559.9,250.0
1768465489385,25561.5,250.0,25559.7,250.0
1768465489697,25561.9,250.0,25560.1,250.0
1768465490003,25561.7,250.0,25559.9,250.0
1768465490314,25561.9,250.0,25560.1,250.0
1768465490933,25561.6,250.0,25559.8,250.0
1768465491244,25561.9,250.0,25560.1,250.0
1768465491863,25560.6,250.0,25558.8,250.0
1768465492172,25560.8,250.0,25559.0,250.0
1768465492554,25560.9,250.0,25559.1,250.0
1768465492862,25560.6,250.0,25558.8,250.0
1768465493174,25560.4,250.0,25558.6,250.0
1768465493794,25560.1,250.0,25558.3,250.0
1768465494104,25560.4,250.0,25558.6,250.0
1768465494414,25559.4,250.0,25557.6,250.0
1768465494724,25559.6,250.0,25557.8,250.0
1768465495374,25559.5,250.0,25557.7,250.0
1768465495686,25559.6,250.0,25557.8,250.0
1768465495995,25559.3,250.0,25557.5,250.0
1768465496306,25559.5,250.0,25557.7,250.0
1768465496616,25559.4,250.0,25557.6,250.0
1768465496927,25559.6,250.0,25557.8,250.0
1768465497236,25559.4,250.0,25557.6,250.0
1768465497629,25559.2,250.0,25557.4,250.0
1768465497939,25559.4,250.0,25557.6,250.0
1768465498342,25559.2,250.0,25557.4,250.0
1768465498651,25558.4,250.0,25556.6,250.0
1768465499289,25558.5,250.0,25556.7,250.0
1768465499599,25558.4,250.0,25556.6,250.0
1768465500093,25558.5,250.0,25556.7,250.0
1768465500400,25558.4,250.0,25556.6,250.0
1768465500717,25558.6,250.0,25556.8,250.0
1768465501018,25558.4,250.0,25556.6,250.0
1768465501336,25558.6,250.0,25556.8,250.0
1768465501647,25558.7,250.0,25556.9,250.0
1768465501957,25559.1,250.0,25557.3,250.0
1768465502583,25559.0,250.0,25557.2,250.0
1768465502889,25559.1,250.0,25557.3,250.0
1768465503197,25559.9,250.0,25558.1,250.0
1768465503326,25559.8,250.0,25558.0,250.0
1768465503508,25559.5,250.0,25557.7,250.0
1768465504148,25559.6,250.0,25557.8,250.0
1768465504537,25559.2,250.0,25557.4,250.0
1768465505778,25559.0,250.0,25557.2,250.0
1768465506707,25558.7,250.0,25556.9,250.0
1768465507018,25559.1,250.0,25557.3,250.0
1768465507327,25558.8,250.0,25557.0,250.0
1768465507636,25559.0,250.0,25557.2,250.0
1768465508259,25558.7,250.0,25556.9,250.0
1768465508877,25559.4,250.0,25557.6,250.0
1768465509190,25559.6,250.0,25557.8,250.0
1768465509497,25559.4,250.0,25557.6,250.0
1768465509808,25559.2,250.0,25557.4,250.0
1768465510263,25559.3,250.0,25557.5,250.0
1768465510573,25559.4,250.0,25557.6,250.0
1768465510882,25559.2,250.0,25557.4,250.0
1768465511192,25558.4,250.0,25556.6,250.0
1768465511760,25558.3,250.0,25556.5,250.0
1768465512069,25557.7,250.0,25555.9,250.0
1768465513062,25557.4,250.0,25555.6,250.0
1768465513405,25557.3,250.0,25555.5,250.0
1768465513716,25556.7,250.0,25554.9,250.0
1768465514336,25555.7,250.0,25553.9,250.0
1768465514645,25556.2,250.0,25554.4,250.0
1768465514758,25556.1,250.0,25554.3,250.0
1768465514953,25555.9,250.0,25554.1,250.0
1768465515265,25556.6,250.0,25554.8,250.0
1768465515585,25556.1,250.0,25554.3,250.0
1768465516195,25555.4,250.0,25553.6,250.0
1768465516503,25554.7,250.0,25552.9,250.0
1768465516813,25554.1,250.0,25552.3,250.0
1768465517125,25554.2,250.0,25552.4,250.0
1768465517451,25553.7,250.0,25551.9,250.0
1768465517869,25553.8,250.0,25552.0,250.0
1768465518179,25555.7,250.0,25553.9,250.0
1768465518491,25555.2,250.0,25553.4,250.0
1768465518801,25554.9,250.0,25553.1,250.0
1768465519109,25555.2,250.0,25553.4,250.0
1768465519420,25554.9,250.0,25553.1,250.0
1768465519728,25555.4,250.0,25553.6,250.0
1768465520349,25555.2,250.0,25553.4,250.0
1768465521279,25555.8,250.0,25554.0,250.0
1768465521590,25555.7,250.0,25553.9,250.0
1768465521897,25555.6,250.0,25553.8,250.0
1768465522211,25556.2,250.0,25554.4,250.0
1768465522539,25556.3,250.0,25554.5,250.0
1768465522850,25556.2,250.0,25554.4,250.0
1768465523188,25556.1,250.0,25554.3,250.0
1768465523498,25555.7,250.0,25553.9,250.0
1768465523809,25555.3,250.0,25553.5,250.0
1768465524272,25555.2,250.0,25553.4,250.0
1768465524890,25554.8,250.0,25553.0,250.0
1768465525201,25554.9,250.0,25553.1,250.0
1768465525510,25555.4,250.0,25553.6,250.0
1768465526129,25555.8,250.0,25554.0,250.0
1768465526439,25555.9,250.0,25554.1,250.0
1768465526751,25557.2,250.0,25555.4,250.0
1768465527540,25557.4,250.0,25555.6,250.0
1768465527852,25557.8,250.0,25556.0,250.0
1768465528163,25558.2,250.0,25556.4,250.0
1768465528473,25558.4,250.0,25556.6,250.0
1768465528954,25558.5,250.0,25556.7,250.0
1768465529565,25559.0,250.0,25557.2,250.0
1768465530185,25560.2,250.0,25558.4,250.0
1768465530496,25560.3,250.0,25558.5,250.0
1768465530806,25559.2,250.0,25557.4,250.0
1768465532550,25558.5,250.0,25556.7,250.0
1768465533002,25558.4,250.0,25556.6,250.0
1768465533313,25558.2,250.0,25556.4,250.0
1768465533631,25559.7,250.0,25557.9,250.0
1768465533935,25559.9,250.0,25558.1,250.0
1768465534242,25559.4,250.0,25557.6,250.0
1768465534554,25559.8,250.0,25558.0,250.0
1768465534866,25560.3,250.0,25558.5,250.0
1768465535175,25560.4,250.0,25558.6,250.0
1768465535791,25560.5,250.0,25558.7,250.0
1768465536106,25561.0,250.0,25559.2,250.0
1768465536412,25561.2,250.0,25559.4,250.0
1768465537231,25561.1,250.0,25559.3,250.0
1768465537339,25561.4,250.0,25559.6,250.0
1768465537652,25561.1,250.0,25559.3,250.0
1768465537959,25560.9,250.0,25559.1,250.0
1768465538274,25560.4,250.0,25558.6,250.0
1768465538582,25560.2,250.0,25558.4,250.0
1768465538892,25559.4,250.0,25557.6,250.0
1768465539203,25560.7,250.0,25558.9,250.0
1768465539342,25560.6,250.0,25558.8,250.0
1768465539510,25560.3,250.0,25558.5,250.0
1768465539822,25560.6,250.0,25558.8,250.0
1768465540131,25560.7,250.0,25558.9,250.0
1768465540444,25561.0,250.0,25559.2,250.0
1768465541682,25561.8,250.0,25560.0,250.0
1768465541813,25562.0,250.0,25560.2,250.0
1768465541993,25562.3,250.0,25560.5,250.0
1768465542304,25562.0,250.0,25560.2,250.0
1768465542613,25562.3,250.0,25560.5,250.0
1768465543233,25562.4,250.0,25560.6,250.0
1768465543630,25562.5,250.0,25560.7,250.0
1768465543937,25562.8,250.0,25561.0,250.0
1768465544866,25563.0,250.0,25561.2,250.0
1768465545176,25562.8,250.0,25561.0,250.0
1768465545486,25562.9,250.0,25561.1,250.0
1768465545819,25563.1,250.0,25561.3,250.0
1768465546106,25562.6,250.0,25560.8,250.0
1768465546416,25562.7,250.0,25560.9,250.0
1768465547308,25562.6,250.0,25560.8,250.0
1768465547929,25562.7,250.0,25560.9,250.0
1768465548237,25563.2,250.0,25561.4,250.0
1768465549165,25563.6,250.0,25561.8,250.0
1768465549478,25563.0,250.0,25561.2,250.0
1768465549734,25563.1,250.0,25561.3,250.0
1768465550098,25563.0,250.0,25561.2,250.0
1768465550408,25561.6,250.0,25559.8,250.0
1768465550725,25561.3,250.0,25559.5,250.0
1768465551031,25561.6,250.0,25559.8,250.0
1768465551339,25561.7,250.0,25559.9,250.0
1768465551644,25561.8,250.0,25560.0,250.0
1768465552269,25561.6,250.0,25559.8,250.0
1768465552580,25561.3,250.0,25559.5,250.0
1768465552972,25561.2,250.0,25559.4,250.0
1768465553281,25561.6,250.0,25559.8,250.0
1768465553593,25561.7,250.0,25559.9,250.0
1768465554627,25561.9,250.0,25560.1,250.0
1768465554868,25562.2,250.0,25560.4,250.0
1768465555212,25563.3,250.0,25561.5,250.0
1768465555525,25563.2,250.0,25561.4,250.0
1768465555832,25563.0,250.0,25561.2,250.0
1768465556247,25562.8,250.0,25561.0,250.0
1768465556799,25562.7,250.0,25560.9,250.0
1768465557114,25563.0,250.0,25561.2,250.0
1768465557423,25562.8,250.0,25561.0,250.0
1768465558207,25563.0,250.0,25561.2,250.0
1768465559132,25562.3,250.0,25560.5,250.0
1768465559441,25562.2,250.0,25560.4,250.0
1768465559750,25561.3,250.0,25559.5,250.0
1768465560063,25560.5,250.0,25558.7,250.0
1768465560367,25560.8,250.0,25559.0,250.0
1768465560821,25560.9,250.0,25559.1,250.0
1768465561132,25561.8,250.0,25560.0,250.0
1768465561440,25561.5,250.0,25559.7,250.0
1768465561749,25561.3,250.0,25559.5,250.0
1768465562060,25559.8,250.0,25558.0,250.0
1768465562370,25558.9,250.0,25557.1,250.0
1768465562677,25558.4,250.0,25556.6,250.0
1768465562991,25558.5,250.0,25556.7,250.0
1768465563610,25558.8,250.0,25557.0,250.0
1768465563921,25558.0,250.0,25556.2,250.0
1768465564230,25557.9,250.0,25556.1,250.0
1768465564540,25558.0,250.0,25556.2,250.0
1768465564673,25557.9,250.0,25556.1,250.0
1768465564855,25557.8,250.0,25556.0,250.0
1768465565170,25558.0,250.0,25556.2,250.0
1768465565478,25557.5,250.0,25555.7,250.0
1768465565836,25557.7,250.0,25555.9,250.0
1768465566122,25558.3,250.0,25556.5,250.0
1768465566432,25558.2,250.0,25556.4,250.0
1768465566744,25557.5,250.0,25555.7,250.0
1768465567051,25556.8,250.0,25555.0,250.0
1768465567365,25556.9,250.0,25555.1,250.0
1768465567671,25558.2,250.0,25556.4,250.0
1768465567982,25556.5,250.0,25554.7,250.0
1768465568292,25556.4,250.0,25554.6,250.0
1768465568674,25556.3,250.0,25554.5,250.0
1768465568979,25556.2,250.0,25554.4,250.0
1768465569295,25555.4,250.0,25553.6,250.0
1768465569603,25554.8,250.0,25553.0,250.0
1768465569915,25554.7,250.0,25552.9,250.0
1768465570038,25554.6,250.0,25552.8,250.0
1768465570225,25554.5,250.0,25552.7,250.0
1768465570845,25553.9,250.0,25552.1,250.0
1768465571155,25554.0,250.0,25552.2,250.0
1768465571773,25554.5,250.0,25552.7,250.0
1768465572394,25554.6,250.0,25552.8,250.0
1768465572706,25554.7,250.0,25552.9,250.0
1768465573014,25554.5,250.0,25552.7,250.0
1768465573325,25554.6,250.0,25552.8,250.0
1768465573639,25554.7,250.0,25552.9,250.0
1768465574359,25554.6,250.0,25552.8,250.0
1768465574985,25554.7,250.0,25552.9,250.0
1768465575309,25553.2,250.0,25551.4,250.0
1768465576197,25553.4,250.0,25551.6,250.0
1768465576377,25553.6,250.0,25551.8,250.0
1768465576505,25552.0,250.0,25550.2,250.0
1768465577206,25552.1,250.0,25550.3,250.0
1768465577517,25552.8,250.0,25551.0,250.0
1768465577822,25552.5,250.0,25550.7,250.0
1768465578133,25552.8,250.0,25551.0,250.0
1768465578289,25552.4,250.0,25550.6,250.0
1768465578771,25552.7,250.0,25550.9,250.0
1768465579062,25552.4,250.0,25550.6,250.0
1768465579375,25552.3,250.0,25550.5,250.0
1768465579686,25551.7,250.0,25549.9,250.0
1768465579849,25552.0,250.0,25550.2,250.0
1768465579993,25551.5,250.0,25549.7,250.0
1768465580678,25551.3,250.0,25549.5,250.0
1768465581235,25551.1,250.0,25549.3,250.0
1768465581542,25551.7,250.0,25549.9,250.0
1768465581854,25551.4,250.0,25549.6,250.0
1768465582073,25552.0,250.0,25550.2,250.0
1768465582885,25551.3,250.0,25549.5,250.0
1768465583107,25550.7,250.0,25548.9,250.0
1768465583405,25551.9,250.0,25550.1,250.0
1768465583714,25552.0,250.0,25550.2,250.0
1768465584027,25551.9,250.0,25550.1,250.0
1768465584342,25552.0,250.0,25550.2,250.0
1768465584645,25552.4,250.0,25550.6,250.0
1768465584969,25553.5,250.0,25551.7,250.0
1768465585266,25553.9,250.0,25552.1,250.0
1768465585575,25554.2,250.0,25552.4,250.0
1768465586193,25554.3,250.0,25552.5,250.0
1768465586503,25554.2,250.0,25552.4,250.0
1768465586815,25554.5,250.0,25552.7,250.0
1768465587588,25554.7,250.0,25552.9,250.0
1768465587876,25554.5,250.0,25552.7,250.0
1768465588207,25554.9,250.0,25553.1,250.0
1768465588519,25554.7,250.0,25552.9,250.0
1768465589064,25554.8,250.0,25553.0,250.0
1768465589372,25555.1,250.0,25553.3,250.0
1768465589535,25555.9,250.0,25554.1,250.0
1768465589680,25555.6,250.0,25553.8,250.0
1768465589991,25555.5,250.0,25553.7,250.0
1768465590301,25556.1,250.0,25554.3,250.0
1768465590608,25556.3,250.0,25554.5,250.0
1768465590715,25555.8,250.0,25554.0,250.0
1768465590922,25555.6,250.0,25553.8,250.0
1768465591231,25555.3,250.0,25553.5,250.0
1768465591666,25555.4,250.0,25553.6,250.0
1768465591824,25556.0,250.0,25554.2,250.0
1768465591979,25555.8,250.0,25554.0,250.0
1768465592287,25554.8,250.0,25553.0,250.0
1768465592594,25555.1,250.0,25553.3,250.0
1768465592802,25555.2,250.0,25553.4,250.0
1768465592905,25555.0,250.0,25553.2,250.0
1768465593219,25555.2,250.0,25553.4,250.0
1768465593673,25555.1,250.0,25553.3,250.0
1768465593977,25555.0,250.0,25553.2,250.0
1768465594460,25555.2,250.0,25553.4,250.0
1768465594807,25555.1,250.0,25553.3,250.0
1768465595123,25555.2,250.0,25553.4,250.0
1768465595431,25555.1,250.0,25553.3,250.0
1768465595592,25555.0,250.0,25553.2,250.0
1768465595952,25554.9,250.0,25553.1,250.0
1768465596261,25554.0,250.0,25552.2,250.0
1768465596574,25554.6,250.0,25552.8,250.0
1768465596865,25554.7,250.0,25552.9,250.0
1768465597461,25554.3,250.0,25552.5,250.0
1768465597768,25554.2,250.0,25552.4,250.0
1768465598080,25554.4,250.0,25552.6,250.0
1768465598390,25554.7,250.0,25552.9,250.0
1768465598699,25554.9,250.0,25553.1,250.0
1768465599111,25554.8,250.0,25553.0,250.0
1768465599420,25553.9,250.0,25552.1,250.0
1768465600041,25553.4,250.0,25551.6,250.0
1768465600350,25553.1,250.0,25551.3,250.0
1768465600659,25553.0,250.0,25551.2,250.0
1768465600970,25552.9,250.0,25551.1,250.0
1768465601278,25553.0,250.0,25551.2,250.0
1768465602404,25552.9,250.0,25551.1,250.0
1768465603698,25552.7,250.0,25550.9,250.0
1768465604263,25552.8,250.0,25551.0,250.0
1768465604573,25553.2,250.0,25551.4,250.0
1768465604882,25552.1,250.0,25550.3,250.0
1768465605261,25552.3,250.0,25550.5,250.0
1768465605570,25552.1,250.0,25550.3,250.0
1768465605877,25551.4,250.0,25549.6,250.0
1768465606188,25551.6,250.0,25549.8,250.0
1768465606498,25551.4,250.0,25549.6,250.0
1768465606809,25551.7,250.0,25549.9,250.0
1768465607119,25551.8,250.0,25550.0,250.0
1768465607429,25551.4,250.0,25549.6,250.0
1768465608100,25551.6,250.0,25549.8,250.0
1768465608287,25551.7,250.0,25549.9,250.0
1768465608403,25551.6,250.0,25549.8,250.0
1768465608713,25551.8,250.0,25550.0,250.0
1768465608859,25551.9,250.0,25550.1,250.0
1768465609062,25551.7,250.0,25549.9,250.0
1768465609218,25551.4,250.0,25549.6,250.0
1768465609332,25551.3,250.0,25549.5,250.0
1768465609951,25551.2,250.0,25549.4,250.0
1768465610261,25551.3,250.0,25549.5,250.0
1768465610741,25551.7,250.0,25549.9,250.0
1768465610882,25552.0,250.0,25550.2,250.0
1768465611220,25551.7,250.0,25549.9,250.0
1768465611512,25552.0,250.0,25550.2,250.0
1768465611629,25552.2,250.0,25550.4,250.0
1768465613104,25552.0,250.0,25550.2,250.0
1768465613275,25552.1,250.0,25550.3,250.0
1768465613622,25552.7,250.0,25550.9,250.0
1768465613948,25552.9,250.0,25551.1,250.0
1768465614260,25553.2,250.0,25551.4,250.0
1768465614688,25553.4,250.0,25551.6,250.0
1768465614956,25553.1,250.0,25551.3,250.0
1768465615762,25553.0,250.0,25551.2,250.0
1768465616080,25551.9,250.0,25550.1,250.0
1768465616380,25552.1,250.0,25550.3,250.0
1768465616690,25551.5,250.0,25549.7,250.0
1768465617025,25551.4,250.0,25549.6,250.0
1768465617336,25551.3,250.0,25549.5,250.0
1768465617646,25550.9,250.0,25549.1,250.0
1768465617956,25551.1,250.0,25549.3,250.0
1768465618266,25551.4,250.0,25549.6,250.0
1768465618575,25551.3,250.0,25549.5,250.0
1768465618890,25551.5,250.0,25549.7,250.0
1768465619207,25551.9,250.0,25550.1,250.0
1768465619814,25552.0,250.0,25550.2,250.0
1768465620070,25551.7,250.0,25549.9,250.0
1768465620175,25551.6,250.0,25549.8,250.0
1768465620487,25551.5,250.0,25549.7,250.0
1768465620796,25550.9,250.0,25549.1,250.0
1768465621106,25551.1,250.0,25549.3,250.0
1768465621316,25551.3,250.0,25549.5,250.0
1768465621902,25551.1,250.0,25549.3,250.0
1768465622213,25551.3,250.0,25549.5,250.0
1768465622538,25551.1,250.0,25549.3,250.0
1768465622845,25551.3,250.0,25549.5,250.0
1768465623772,25552.0,250.0,25550.2,250.0
1768465624004,25552.3,250.0,25550.5,250.0
1768465624355,25552.1,250.0,25550.3,250.0
1768465624697,25552.0,250.0,25550.2,250.0
1768465625009,25552.5,250.0,25550.7,250.0
1768465625199,25552.2,250.0,25550.4,250.0
1768465625316,25552.0,250.0,25550.2,250.0
1768465625627,25552.2,250.0,25550.4,250.0
1768465625937,25552.1,250.0,25550.3,250.0
1768465626245,25552.6,250.0,25550.8,250.0
1768465626556,25551.7,250.0,25549.9,250.0
1768465626865,25551.5,250.0,25549.7,250.0
1768465627319,25551.4,250.0,25549.6,250.0
1768465627938,25551.6,250.0,25549.8,250.0
1768465628250,25552.1,250.0,25550.3,250.0
1768465628560,25552.2,250.0,25550.4,250.0
1768465628870,25552.7,250.0,25550.9,250.0
1768465629037,25552.9,250.0,25551.1,250.0
1768465629179,25553.7,250.0,25551.9,250.0
1768465629488,25553.6,250.0,25551.8,250.0
1768465630448,25553.8,250.0,25552.0,250.0
1768465630729,25553.2,250.0,25551.4,250.0
1768465631038,25552.9,250.0,25551.1,250.0
1768465631348,25553.0,250.0,25551.2,250.0
1768465631656,25553.2,250.0,25551.4,250.0
1768465632485,25552.9,250.0,25551.1,250.0
1768465632794,25554.2,250.0,25552.4,250.0
1768465633104,25553.9,250.0,25552.1,250.0
1768465633731,25553.7,250.0,25551.9,250.0
1768465634034,25553.9,250.0,25552.1,250.0
1768465634346,25553.7,250.0,25551.9,250.0
1768465634655,25552.9,250.0,25551.1,250.0
1768465634964,25552.8,250.0,25551.0,250.0
1768465635274,25552.9,250.0,25551.1,250.0
1768465635584,25552.8,250.0,25551.0,250.0
1768465635895,25552.4,250.0,25550.6,250.0
1768465636200,25551.7,250.0,25549.9,250.0
1768465636516,25551.5,250.0,25549.7,250.0
1768465636825,25550.8,250.0,25549.0,250.0
1768465637153,25550.9,250.0,25549.1,250.0
1768465637461,25551.0,250.0,25549.2,250.0
1768465638083,25551.8,250.0,25550.0,250.0
1768465638509,25551.9,250.0,25550.1,250.0
1768465638817,25552.0,250.0,25550.2,250.0
1768465639127,25554.4,250.0,25552.6,250.0
1768465639335,25554.7,250.0,25552.9,250.0
1768465639438,25555.7,250.0,25553.9,250.0
1768465639747,25556.2,250.0,25554.4,250.0
1768465640059,25556.9,250.0,25555.1,250.0
1768465640367,25556.4,250.0,25554.6,250.0
1768465640683,25556.5,250.0,25554.7,250.0
1768465640987,25557.3,250.0,25555.5,250.0
1768465641255,25556.9,250.0,25555.1,250.0
1768465641917,25557.1,250.0,25555.3,250.0
1768465642228,25556.4,250.0,25554.6,250.0
1768465642539,25556.7,250.0,25554.9,250.0
1768465642848,25557.1,250.0,25555.3,250.0
1768465643160,25557.4,250.0,25555.6,250.0
1768465643537,25557.2,250.0,25555.4,250.0
1768465644158,25557.6,250.0,25555.8,250.0
1768465644473,25557.4,250.0,25555.6,250.0
1768465644931,25557.6,250.0,25555.8,250.0
1768465645068,25557.4,250.0,25555.6,250.0
1768465645396,25557.2,250.0,25555.4,250.0
1768465645717,25557.5,250.0,25555.7,250.0
1768465646015,25557.6,250.0,25555.8,250.0
1768465646357,25557.5,250.0,25555.7,250.0
1768465646669,25557.1,250.0,25555.3,250.0
1768465647293,25555.6,250.0,25553.8,250.0
1768465647528,25555.4,250.0,25553.6,250.0
1768465647909,25555.5,250.0,25553.7,250.0
1768465648529,25555.7,250.0,25553.9,250.0
1768465648967,25555.8,250.0,25554.0,250.0
1768465649586,25556.0,250.0,25554.2,250.0
1768465649895,25555.8,250.0,25554.0,250.0
1768465650205,25555.7,250.0,25553.9,250.0
1768465650515,25555.4,250.0,25553.6,250.0
1768465650830,25555.3,250.0,25553.5,250.0
1768465651132,25555.2,250.0,25553.4,250.0
1768465651446,25555.0,250.0,25553.2,250.0
1768465651742,25555.2,250.0,25553.4,250.0
1768465651873,25555.4,250.0,25553.6,250.0
1768465652186,25555.9,250.0,25554.1,250.0
1768465652494,25555.7,250.0,25553.9,250.0
1768465652804,25556.0,250.0,25554.2,250.0
1768465653116,25555.9,250.0,25554.1,250.0
1768465653425,25556.0,250.0,25554.2,250.0
1768465653735,25556.1,250.0,25554.3,250.0
1768465654611,25556.0,250.0,25554.2,250.0
1768465654919,25556.1,250.0,25554.3,250.0
1768465655233,25555.9,250.0,25554.1,250.0
1768465655541,25555.0,250.0,25553.2,250.0
1768465656461,25555.1,250.0,25553.3,250.0
1768465657083,25555.3,250.0,25553.5,250.0
1768465657390,25555.0,250.0,25553.2,250.0
1768465658326,25555.1,250.0,25553.3,250.0
1768465658637,25555.5,250.0,25553.7,250.0
1768465659254,25555.4,250.0,25553.6,250.0
1768465659565,25555.1,250.0,25553.3,250.0
1768465659874,25555.0,250.0,25553.2,250.0
1768465660199,25555.1,250.0,25553.3,250.0
1768465660818,25555.4,250.0,25553.6,250.0
1768465661130,25555.5,250.0,25553.7,250.0
1768465661440,25555.8,250.0,25554.0,250.0
1768465661750,25555.5,250.0,25553.7,250.0
1768465662370,25555.3,250.0,25553.5,250.0
1768465662679,25555.0,250.0,25553.2,250.0
1768465662989,25555.3,250.0,25553.5,250.0
1768465663300,25555.4,250.0,25553.6,250.0
1768465663607,25555.6,250.0,25553.8,250.0
1768465663918,25555.3,250.0,25553.5,250.0
1768465664230,25553.9,250.0,25552.1,250.0
1768465664650,25554.0,250.0,25552.2,250.0
1768465665269,25554.2,250.0,25552.4,250.0
1768465665583,25553.2,250.0,25551.4,250.0
1768465665888,25553.4,250.0,25551.6,250.0
1768465666455,25553.5,250.0,25551.7,250.0
1768465666760,25553.2,250.0,25551.4,250.0
1768465667176,25553.4,250.0,25551.6,250.0
1768465667487,25553.5,250.0,25551.7,250.0
1768465667887,25553.4,250.0,25551.6,250.0
1768465668197,25553.2,250.0,25551.4,250.0
1768465668503,25553.1,250.0,25551.3,250.0
1768465669328,25553.2,250.0,25551.4,250.0
1768465669637,25553.5,250.0,25551.7,250.0
1768465669944,25553.6,250.0,25551.8,250.0
1768465670258,25554.1,250.0,25552.3,250.0
1768465670568,25554.2,250.0,25552.4,250.0
1768465671018,25554.4,250.0,25552.6,250.0
1768465671635,25554.1,250.0,25552.3,250.0
1768465671948,25554.0,250.0,25552.2,250.0
1768465672257,25553.7,250.0,25551.9,250.0
1768465673794,25553.9,250.0,25552.1,250.0
1768465674103,25554.0,250.0,25552.2,250.0
1768465674414,25553.6,250.0,25551.8,250.0
1768465674587,25553.4,250.0,25551.6,250.0
1768465674721,25553.3,250.0,25551.5,250.0
1768465675349,25552.7,250.0,25550.9,250.0
1768465675964,25552.9,250.0,25551.1,250.0
1768465676268,25553.6,250.0,25551.8,250.0
1768465676575,25554.2,250.0,25552.4,250.0
1768465677193,25554.6,250.0,25552.8,250.0
1768465677509,25554.4,250.0,25552.6,250.0
1768465677819,25554.6,250.0,25552.8,250.0
1768465678429,25554.5,250.0,25552.7,250.0
1768465678903,25553.8,250.0,25552.0,250.0
1768465679208,25553.2,250.0,25551.4,250.0
1768465679522,25553.5,250.0,25551.7,250.0
1768465680142,25553.8,250.0,25552.0,250.0
1768465680762,25553.7,250.0,25551.9,250.0
1768465681072,25554.0,250.0,25552.2,250.0
1768465681382,25554.1,250.0,25552.3,250.0
1768465681504,25554.0,250.0,25552.2,250.0
1768465681690,25554.2,250.0,25552.4,250.0
1768465682000,25554.0,250.0,25552.2,250.0
1768465682738,25553.9,250.0,25552.1,250.0
1768465683046,25553.8,250.0,25552.0,250.0
1768465683439,25553.7,250.0,25551.9,250.0
1768465683748,25554.0,250.0,25552.2,250.0
1768465684369,25554.3,250.0,25552.5,250.0
1768465684680,25554.2,250.0,25552.4,250.0
1768465684981,25554.1,250.0,25552.3,250.0
1768465685612,25553.4,250.0,25551.6,250.0
1768465686537,25553.6,250.0,25551.8,250.0
1768465686851,25554.0,250.0,25552.2,250.0
1768465687159,25553.4,250.0,25551.6,250.0
1768465687941,25553.8,250.0,25552.0,250.0
1768465688251,25553.5,250.0,25551.7,250.0
1768465688922,25553.4,250.0,25551.6,250.0
1768465689852,25553.5,250.0,25551.7,250.0
1768465690250,25553.4,250.0,25551.6,250.0
1768465690560,25553.5,250.0,25551.7,250.0
1768465691288,25554.2,250.0,25552.4,250.0
1768465691919,25554.0,250.0,25552.2,250.0
1768465692228,25554.2,250.0,25552.4,250.0
1768465693261,25554.4,250.0,25552.6,250.0
1768465693571,25554.3,250.0,25552.5,250.0
1768465693879,25554.4,250.0,25552.6,250.0
1768465694189,25553.8,250.0,25552.0,250.0
1768465694808,25553.9,250.0,25552.1,250.0
1768465695120,25553.8,250.0,25552.0,250.0
1768465695429,25554.2,250.0,25552.4,250.0
1768465695746,25553.8,250.0,25552.0,250.0
1768465696178,25553.9,250.0,25552.1,250.0
1768465696487,25554.5,250.0,25552.7,250.0
1768465696796,25555.4,250.0,25553.6,250.0
1768465697214,25555.5,250.0,25553.7,250.0
1768465697524,25556.3,250.0,25554.5,250.0
1768465697834,25556.2,250.0,25554.4,250.0
1768465698141,25556.7,250.0,25554.9,250.0
1768465698863,25556.8,250.0,25555.0,250.0
1768465699175,25556.7,250.0,25554.9,250.0
1768465699484,25556.3,250.0,25554.5,250.0
1768465699795,25556.4,250.0,25554.6,250.0
1768465700106,25556.3,250.0,25554.5,250.0
1768465700416,25556.0,250.0,25554.2,250.0
1768465700727,25556.4,250.0,25554.6,250.0
1768465701346,25556.8,250.0,25555.0,250.0
1768465701655,25557.3,250.0,25555.5,250.0
1768465702631,25557.4,250.0,25555.6,250.0
1768465703872,25556.9,250.0,25555.1,250.0
1768465704213,25557.0,250.0,25555.2,250.0
1768465704523,25556.6,250.0,25554.8,250.0
1768465704842,25556.2,250.0,25554.4,250.0
1768465705143,25556.1,250.0,25554.3,250.0
1768465705454,25554.9,250.0,25553.1,250.0
1768465705761,25555.0,250.0,25553.2,250.0
1768465706381,25555.1,250.0,25553.3,250.0
1768465706693,25554.9,250.0,25553.1,250.0
1768465707002,25554.8,250.0,25553.0,250.0
1768465707314,25554.9,250.0,25553.1,250.0
1768465707575,25555.0,250.0,25553.2,250.0
1768465707963,25554.9,250.0,25553.1,250.0
1768465708274,25554.6,250.0,25552.8,250.0
1768465708984,25554.7,250.0,25552.9,250.0
1768465709289,25554.3,250.0,25552.5,250.0
1768465710127,25554.4,250.0,25552.6,250.0
1768465710435,25555.2,250.0,25553.4,250.0
1768465710745,25555.0,250.0,25553.2,250.0
1768465711267,25554.9,250.0,25553.1,250.0
1768465711576,25554.5,250.0,25552.7,250.0
1768465711886,25554.7,250.0,25552.9,250.0
1768465712195,25554.8,250.0,25553.0,250.0
1768465712556,25554.7,250.0,25552.9,250.0
1768465712879,25554.3,250.0,25552.5,250.0
1768465713173,25554.4,250.0,25552.6,250.0
1768465713487,25553.3,250.0,25551.5,250.0
1768465713794,25553.5,250.0,25551.7,250.0
1768465714104,25553.8,250.0,25552.0,250.0
1768465714417,25554.0,250.0,25552.2,250.0
1768465714724,25553.5,250.0,25551.7,250.0
1768465715035,25552.9,250.0,25551.1,250.0
1768465715345,25553.1,250.0,25551.3,250.0
1768465715744,25553.2,250.0,25551.4,250.0
1768465716054,25552.9,250.0,25551.1,250.0
1768465716362,25552.1,250.0,25550.3,250.0
1768465717463,25552.0,250.0,25550.2,250.0
1768465717772,25552.4,250.0,25550.6,250.0
1768465717959,25552.5,250.0,25550.7,250.0
1768465718081,25552.9,250.0,25551.1,250.0
1768465718395,25553.3,250.0,25551.5,250.0
1768465719019,25553.5,250.0,25551.7,250.0
1768465719344,25553.3,250.0,25551.5,250.0
1768465719656,25553.4,250.0,25551.6,250.0
1768465719967,25553.9,250.0,25552.1,250.0
1768465720275,25554.3,250.0,25552.5,250.0
1768465720574,25554.5,250.0,25552.7,250.0
1768465721736,25554.4,250.0,25552.6,250.0
1768465722045,25554.6,250.0,25552.8,250.0
1768465722412,25554.8,250.0,25553.0,250.0
1768465723654,25554.7,250.0,25552.9,250.0
1768465724304,25554.4,250.0,25552.6,250.0
1768465724783,25554.6,250.0,25552.8,250.0
1768465724921,25554.0,250.0,25552.2,250.0
1768465725232,25554.4,250.0,25552.6,250.0
1768465725834,25554.1,250.0,25552.3,250.0
1768465726440,25552.6,250.0,25550.8,250.0
1768465726752,25552.1,250.0,25550.3,250.0
1768465727062,25552.6,250.0,25550.8,250.0
1768465727370,25552.1,250.0,25550.3,250.0
1768465728512,25552.3,250.0,25550.5,250.0
1768465728829,25552.8,250.0,25551.0,250.0
1768465729134,25552.4,250.0,25550.6,250.0
1768465729723,25552.5,250.0,25550.7,250.0
1768465730032,25552.8,250.0,25551.0,250.0
1768465730742,25552.9,250.0,25551.1,250.0
1768465731054,25552.6,250.0,25550.8,250.0
1768465731361,25551.5,250.0,25549.7,250.0
1768465731671,25551.9,250.0,25550.1,250.0
1768465731983,25553.3,250.0,25551.5,250.0
1768465732289,25554.3,250.0,25552.5,250.0
1768465732597,25553.1,250.0,25551.3,250.0
1768465733217,25553.4,250.0,25551.6,250.0
1768465733527,25553.6,250.0,25551.8,250.0
1768465733839,25553.5,250.0,25551.7,250.0
1768465734147,25553.4,250.0,25551.6,250.0
1768465734459,25553.5,250.0,25551.7,250.0
1768465734767,25553.4,250.0,25551.6,250.0
1768465735237,25553.5,250.0,25551.7,250.0
1768465735548,25554.1,250.0,25552.3,250.0
1768465735861,25554.3,250.0,25552.5,250.0
1768465736166,25554.4,250.0,25552.6,250.0
1768465736879,25554.3,250.0,25552.5,250.0
1768465736982,25554.4,250.0,25552.6,250.0
1768465737296,25553.7,250.0,25551.9,250.0
1768465737607,25554.3,250.0,25552.5,250.0
1768465738077,25554.4,250.0,25552.6,250.0
1768465738699,25554.2,250.0,25552.4,250.0
1768465739007,25554.8,250.0,25553.0,250.0
1768465739370,25554.7,250.0,25552.9,250.0
1768465739680,25553.3,250.0,25551.5,250.0
1768465739989,25553.0,250.0,25551.2,250.0
1768465740296,25553.2,250.0,25551.4,250.0
1768465740951,25553.4,250.0,25551.6,250.0
1768465741261,25554.0,250.0,25552.2,250.0
1768465741573,25553.8,250.0,25552.0,250.0
1768465741941,25553.7,250.0,25551.9,250.0
1768465742265,25554.8,250.0,25553.0,250.0
1768465742566,25555.0,250.0,25553.2,250.0
1768465743181,25555.5,250.0,25553.7,250.0
1768465743325,25555.7,250.0,25553.9,250.0
1768465743803,25555.2,250.0,25553.4,250.0
1768465744122,25555.6,250.0,25553.8,250.0
1768465744423,25555.4,250.0,25553.6,250.0
1768465745043,25555.2,250.0,25553.4,250.0
1768465745669,25555.3,250.0,25553.5,250.0
1768465745965,25555.2,250.0,25553.4,250.0
1768465747718,25555.1,250.0,25553.3,250.0
1768465747930,25555.4,250.0,25553.6,250.0
1768465748532,25554.4,250.0,25552.6,250.0
1768465748841,25554.3,250.0,25552.5,250.0
1768465749149,25554.5,250.0,25552.7,250.0
1768465749462,25553.1,250.0,25551.3,250.0
1768465749770,25554.3,250.0,25552.5,250.0
1768465750392,25554.8,250.0,25553.0,250.0
1768465750701,25554.3,250.0,25552.5,250.0
1768465751012,25554.6,250.0,25552.8,250.0
1768465751633,25554.1,250.0,25552.3,250.0
1768465751942,25554.3,250.0,25552.5,250.0
1768465752563,25555.1,250.0,25553.3,250.0
1768465752872,25555.3,250.0,25553.5,250.0
1768465753185,25555.2,250.0,25553.4,250.0
1768465753497,25555.6,250.0,25553.8,250.0
1768465753922,25555.5,250.0,25553.7,250.0
1768465754233,25555.6,250.0,25553.8,250.0
1768465754849,25555.1,250.0,25553.3,250.0
1768465755818,25555.3,250.0,25553.5,250.0
1768465756091,25555.1,250.0,25553.3,250.0
1768465756401,25555.3,250.0,25553.5,250.0
1768465756715,25555.0,250.0,25553.2,250.0
1768465757021,25554.7,250.0,25552.9,250.0
1768465757954,25554.9,250.0,25553.1,250.0
1768465758573,25554.4,250.0,25552.6,250.0
1768465758882,25554.2,250.0,25552.4,250.0
1768465759541,25554.3,250.0,25552.5,250.0
1768465759854,25554.2,250.0,25552.4,250.0
1768465760162,25554.7,250.0,25552.9,250.0
1768465760491,25554.5,250.0,25552.7,250.0
1768465760800,25554.7,250.0,25552.9,250.0
1768465761285,25554.8,250.0,25553.0,250.0
1768465761418,25555.1,250.0,25553.3,250.0
1768465761731,25554.8,250.0,25553.0,250.0
1768465762038,25554.1,250.0,25552.3,250.0
1768465762350,25554.3,250.0,25552.5,250.0
1768465762662,25554.6,250.0,25552.8,250.0
1768465762902,25554.4,250.0,25552.6,250.0
1768465763745,25554.5,250.0,25552.7,250.0
1768465764050,25554.7,250.0,25552.9,250.0
1768465764542,25554.8,250.0,25553.0,250.0
1768465764833,25554.5,250.0,25552.7,250.0
1768465765146,25554.7,250.0,25552.9,250.0
1768465765388,25554.9,250.0,25553.1,250.0
1768465765765,25555.1,250.0,25553.3,250.0
1768465766075,25555.4,250.0,25553.6,250.0
1768465766560,25555.1,250.0,25553.3,250.0
1768465766870,25554.9,250.0,25553.1,250.0
1768465767075,25555.2,250.0,25553.4,250.0
1768465767491,25555.7,250.0,25553.9,250.0
1768465767800,25555.2,250.0,25553.4,250.0
1768465768110,25554.4,250.0,25552.6,250.0
1768465768530,25554.3,250.0,25552.5,250.0
1768465768698,25554.7,250.0,25552.9,250.0
1768465768838,25554.6,250.0,25552.8,250.0
1768465769150,25554.8,250.0,25553.0,250.0
1768465769464,25553.6,250.0,25551.8,250.0
1768465769768,25553.8,250.0,25552.0,250.0
1768465770091,25552.7,250.0,25550.9,250.0
1768465770391,25553.6,250.0,25551.8,250.0
1768465770797,25553.3,250.0,25551.5,250.0
1768465771046,25553.2,250.0,25551.4,250.0
1768465771356,25553.7,250.0,25551.9,250.0
1768465771664,25553.8,250.0,25552.0,250.0
1768465771976,25554.1,250.0,25552.3,250.0
1768465772284,25554.0,250.0,25552.2,250.0
1768465772905,25553.8,250.0,25552.0,250.0
1768465773346,25554.0,250.0,25552.2,250.0
1768465773622,25553.9,250.0,25552.1,250.0
1768465773932,25553.5,250.0,25551.7,250.0
1768465774422,25553.6,250.0,25551.8,250.0
1768465774731,25553.7,250.0,25551.9,250.0
1768465775043,25554.1,250.0,25552.3,250.0
1768465775350,25554.0,250.0,25552.2,250.0
1768465775798,25553.9,250.0,25552.1,250.0
1768465776107,25553.6,250.0,25551.8,250.0
1768465776416,25553.7,250.0,25551.9,250.0
1768465776753,25553.9,250.0,25552.1,250.0
1768465777062,25553.7,250.0,25551.9,250.0
1768465777368,25554.0,250.0,25552.2,250.0
1768465777682,25553.7,250.0,25551.9,250.0
1768465777993,25553.9,250.0,25552.1,250.0
1768465778301,25554.5,250.0,25552.7,250.0
1768465779174,25554.6,250.0,25552.8,250.0
1768465779478,25553.7,250.0,25551.9,250.0
1768465779789,25554.0,250.0,25552.2,250.0
1768465780460,25553.9,250.0,25552.1,250.0
1768465780770,25553.7,250.0,25551.9,250.0
1768465781388,25554.2,250.0,25552.4,250.0
1768465781705,25554.4,250.0,25552.6,250.0
1768465782015,25554.0,250.0,25552.2,250.0
1768465782326,25554.3,250.0,25552.5,250.0
1768465782703,25554.4,250.0,25552.6,250.0
1768465783013,25554.3,250.0,25552.5,250.0
1768465783323,25553.3,250.0,25551.5,250.0
1768465783631,25553.5,250.0,25551.7,250.0
1768465783947,25553.3,250.0,25551.5,250.0
1768465784249,25553.4,250.0,25551.6,250.0
1768465784561,25553.3,250.0,25551.5,250.0
1768465784905,25553.1,250.0,25551.3,250.0
1768465785216,25553.3,250.0,25551.5,250.0
1768465785837,25553.5,250.0,25551.7,250.0
1768465786144,25553.1,250.0,25551.3,250.0
1768465786456,25553.3,250.0,25551.5,250.0
1768465786766,25553.0,250.0,25551.2,250.0
1768465787076,25553.3,250.0,25551.5,250.0
1768465787387,25553.5,250.0,25551.7,250.0
1768465787696,25553.4,250.0,25551.6,250.0
1768465788008,25553.3,250.0,25551.5,250.0
1768465788316,25554.8,250.0,25553.0,250.0
1768465788625,25555.1,250.0,25553.3,250.0
1768465788936,25555.3,250.0,25553.5,250.0
1768465789247,25555.0,250.0,25553.2,250.0
1768465789400,25555.2,250.0,25553.4,250.0
1768465789553,25555.5,250.0,25553.7,250.0
1768465790176,25553.4,250.0,25551.6,250.0
1768465790486,25553.6,250.0,25551.8,250.0
1768465791020,25553.4,250.0,25551.6,250.0
1768465791326,25553.7,250.0,25551.9,250.0
1768465791722,25554.0,250.0,25552.2,250.0
1768465791833,25553.8,250.0,25552.0,250.0
1768465792033,25554.1,250.0,25552.3,250.0
1768465792653,25553.8,250.0,25552.0,250.0
1768465792965,25553.1,250.0,25551.3,250.0
1768465793233,25553.4,250.0,25551.6,250.0
1768465794204,25554.0,250.0,25552.2,250.0
1768465794513,25553.3,250.0,25551.5,250.0
1768465795133,25554.1,250.0,25552.3,250.0
1768465795444,25554.3,250.0,25552.5,250.0
1768465795752,25554.4,250.0,25552.6,250.0
1768465796752,25554.3,250.0,25552.5,250.0
1768465796957,25554.1,250.0,25552.3,250.0
1768465797060,25553.8,250.0,25552.0,250.0
1768465797372,25555.6,250.0,25553.8,250.0
1768465797680,25555.3,250.0,25553.5,250.0
1768465797991,25555.2,250.0,25553.4,250.0
1768465798302,25554.7,250.0,25552.9,250.0
1768465798618,25554.1,250.0,25552.3,250.0
1768465798921,25553.9,250.0,25552.1,250.0
1768465799232,25553.8,250.0,25552.0,250.0
1768465799821,25553.9,250.0,25552.1,250.0
1768465800451,25554.1,250.0,25552.3,250.0
1768465800751,25555.5,250.0,25553.7,250.0
1768465801372,25556.0,250.0,25554.2,250.0
1768465802107,25556.1,250.0,25554.3,250.0
1768465802410,25556.3,250.0,25554.5,250.0
1768465802581,25556.0,250.0,25554.2,250.0
1768465803076,25556.2,250.0,25554.4,250.0
1768465803389,25556.5,250.0,25554.7,250.0
1768465803697,25556.8,250.0,25555.0,250.0
1768465804936,25556.9,250.0,25555.1,250.0
1768465805190,25556.7,250.0,25554.9,250.0
1768465805243,25558.3,250.0,25556.5,250.0
1768465805558,25558.5,250.0,25556.7,250.0
1768465805866,25558.1,250.0,25556.3,250.0
1768465806176,25559.1,250.0,25557.3,250.0
1768465806352,25559.3,250.0,25557.5,250.0
1768465806484,25559.0,250.0,25557.2,250.0
1768465806797,25558.8,250.0,25557.0,250.0
1768465807106,25558.1,250.0,25556.3,250.0
1768465807416,25559.1,250.0,25557.3,250.0
1768465807727,25559.5,250.0,25557.7,250.0
1768465807938,25559.3,250.0,25557.5,250.0
1768465808046,25560.0,250.0,25558.2,250.0
1768465808349,25560.8,250.0,25559.0,250.0
1768465808657,25560.7,250.0,25558.9,250.0
1768465809115,25560.5,250.0,25558.7,250.0
1768465809424,25561.7,250.0,25559.9,250.0
1768465809733,25560.9,250.0,25559.1,250.0
1768465810044,25560.7,250.0,25558.9,250.0
1768465810355,25560.3,250.0,25558.5,250.0
1768465810664,25558.9,250.0,25557.1,250.0
1768465810973,25559.2,250.0,25557.4,250.0
1768465811285,25558.3,250.0,25556.5,250.0
1768465811429,25558.4,250.0,25556.6,250.0
1768465811608,25558.2,250.0,25556.4,250.0
1768465811904,25558.7,250.0,25556.9,250.0
1768465812215,25558.9,250.0,25557.1,250.0
1768465812542,25558.8,250.0,25557.0,250.0
1768465812856,25559.8,250.0,25558.0,250.0
1768465813172,25559.7,250.0,25557.9,250.0
1768465813481,25560.4,250.0,25558.6,250.0
1768465813791,25560.2,250.0,25558.4,250.0
1768465814227,25559.9,250.0,25558.1,250.0
1768465814410,25560.2,250.0,25558.4,250.0
1768465814889,25560.0,250.0,25558.2,250.0
1768465815030,25560.3,250.0,25558.5,250.0
1768465815399,25560.2,250.0,25558.4,250.0
1768465815731,25560.1,250.0,25558.3,250.0
1768465816634,25560.3,250.0,25558.5,250.0
1768465817506,25560.4,250.0,25558.6,250.0
1768465817763,25560.2,250.0,25558.4,250.0
1768465818125,25560.1,250.0,25558.3,250.0
1768465818393,25559.9,250.0,25558.1,250.0
1768465818743,25561.4,250.0,25559.6,250.0
1768465819054,25561.1,250.0,25559.3,250.0
1768465819991,25561.3,250.0,25559.5,250.0
1768465820295,25561.2,250.0,25559.4,250.0
1768465820604,25561.5,250.0,25559.7,250.0
1768465820724,25561.7,250.0,25559.9,250.0
1768465820914,25562.0,250.0,25560.2,250.0
1768465821225,25561.8,250.0,25560.0,250.0
1768465821531,25561.6,250.0,25559.8,250.0
1768465821645,25562.2,250.0,25560.4,250.0
1768465822233,25562.0,250.0,25560.2,250.0
1768465822526,25560.9,250.0,25559.1,250.0
1768465822853,25559.9,250.0,25558.1,250.0
1768465823162,25559.8,250.0,25558.0,250.0
1768465823472,25561.0,250.0,25559.2,250.0
1768465823782,25560.3,250.0,25558.5,250.0
1768465824093,25560.8,250.0,25559.0,250.0
1768465824400,25561.0,250.0,25559.2,250.0
1768465824725,25559.9,250.0,25558.1,250.0
1768465825022,25559.8,250.0,25558.0,250.0
1768465825345,25559.9,250.0,25558.1,250.0
1768465825654,25560.1,250.0,25558.3,250.0
1768465825965,25560.3,250.0,25558.5,250.0
1768465826276,25560.5,250.0,25558.7,250.0
1768465826825,25560.2,250.0,25558.4,250.0
1768465827273,25560.3,250.0,25558.5,250.0
1768465827514,25560.5,250.0,25558.7,250.0
1768465827825,25560.2,250.0,25558.4,250.0
1768465828135,25559.6,250.0,25557.8,250.0
1768465828445,25559.7,250.0,25557.9,250.0
1768465828688,25559.9,250.0,25558.1,250.0
1768465829065,25560.4,250.0,25558.6,250.0
1768465829815,25560.6,250.0,25558.8,250.0
1768465830126,25560.7,250.0,25558.9,250.0
1768465830435,25560.8,250.0,25559.0,250.0
1768465831195,25561.0,250.0,25559.2,250.0
1768465831303,25560.9,250.0,25559.1,250.0
1768465831926,25560.8,250.0,25559.0,250.0
1768465832235,25561.4,250.0,25559.6,250.0
1768465832356,25561.6,250.0,25559.8,250.0
1768465832545,25561.1,250.0,25559.3,250.0
1768465832854,25561.5,250.0,25559.7,250.0
1768465833167,25561.7,250.0,25559.9,250.0
1768465833476,25561.6,250.0,25559.8,250.0
1768465833786,25561.8,250.0,25560.0,250.0
1768465834108,25562.2,250.0,25560.4,250.0
1768465834407,25561.6,250.0,25559.8,250.0
1768465834716,25561.4,250.0,25559.6,250.0
1768465835025,25561.3,250.0,25559.5,250.0
1768465835344,25561.2,250.0,25559.4,250.0
1768465835645,25560.8,250.0,25559.0,250.0
1768465835956,25561.6,250.0,25559.8,250.0
1768465836267,25561.8,250.0,25560.0,250.0
1768465836886,25563.6,250.0,25561.8,250.0
1768465837540,25563.7,250.0,25561.9,250.0
1768465837849,25564.3,250.0,25562.5,250.0
1768465838165,25564.4,250.0,25562.6,250.0
1768465838917,25564.3,250.0,25562.5,250.0
1768465839226,25564.4,250.0,25562.6,250.0
1768465839539,25564.1,250.0,25562.3,250.0
1768465840111,25564.0,250.0,25562.2,250.0
1768465840423,25563.6,250.0,25561.8,250.0
1768465840730,25563.4,250.0,25561.6,250.0
1768465841041,25563.6,250.0,25561.8,250.0
1768465841500,25563.5,250.0,25561.7,250.0
1768465841807,25563.6,250.0,25561.8,250.0
1768465842116,25564.0,250.0,25562.2,250.0
1768465842554,25563.8,250.0,25562.0,250.0
1768465843048,25563.5,250.0,25561.7,250.0
1768465843359,25563.4,250.0,25561.6,250.0
1768465843652,25563.1,250.0,25561.3,250.0
1768465843978,25563.0,250.0,25561.2,250.0
1768465844852,25563.1,250.0,25561.3,250.0
1768465845470,25562.5,250.0,25560.7,250.0
1768465845782,25562.9,250.0,25561.1,250.0
1768465845889,25562.6,250.0,25560.8,250.0
1768465846087,25562.3,250.0,25560.5,250.0
1768465846719,25562.7,250.0,25560.9,250.0
1768465847020,25562.5,250.0,25560.7,250.0
1768465847332,25562.2,250.0,25560.4,250.0
1768465847715,25562.3,250.0,25560.5,250.0
1768465848025,25562.4,250.0,25560.6,250.0
1768465848334,25562.3,250.0,25560.5,250.0
1768465848645,25562.6,250.0,25560.8,250.0
1768465848955,25562.8,250.0,25561.0,250.0
1768465849156,25562.6,250.0,25560.8,250.0
1768465849264,25563.7,250.0,25561.9,250.0
1768465849574,25563.3,250.0,25561.5,250.0
1768465849886,25563.4,250.0,25561.6,250.0
1768465850194,25562.8,250.0,25561.0,250.0
1768465850303,25562.6,250.0,25560.8,250.0
1768465850504,25563.4,250.0,25561.6,250.0
1768465850818,25563.1,250.0,25561.3,250.0
1768465851433,25562.6,250.0,25560.8,250.0
1768465851595,25562.5,250.0,25560.7,250.0
1768465852505,25562.4,250.0,25560.6,250.0
1768465853402,25562.3,250.0,25560.5,250.0
1768465853614,25562.4,250.0,25560.6,250.0
1768465853925,25561.6,250.0,25559.8,250.0
1768465854242,25561.8,250.0,25560.0,250.0
1768465854545,25562.1,250.0,25560.3,250.0
1768465854855,25560.5,250.0,25558.7,250.0
1768465855162,25560.6,250.0,25558.8,250.0
1768465855477,25561.8,250.0,25560.0,250.0
1768465855783,25561.6,250.0,25559.8,250.0
1768465856093,25560.7,250.0,25558.9,250.0
1768465856607,25560.6,250.0,25558.8,250.0
1768465856916,25560.8,250.0,25559.0,250.0
1768465857538,25561.2,250.0,25559.4,250.0
1768465857848,25561.1,250.0,25559.3,250.0
1768465858320,25561.2,250.0,25559.4,250.0
1768465858629,25560.7,250.0,25558.9,250.0
1768465858939,25560.4,250.0,25558.6,250.0
1768465859249,25560.6,250.0,25558.8,250.0
1768465859871,25560.4,250.0,25558.6,250.0
1768465860180,25560.5,250.0,25558.7,250.0
1768465860492,25559.6,250.0,25557.8,250.0
1768465860799,25559.1,250.0,25557.3,250.0
1768465861109,25559.6,250.0,25557.8,250.0
1768465861419,25559.0,250.0,25557.2,250.0
1768465861714,25559.1,250.0,25557.3,250.0
1768465861962,25559.0,250.0,25557.2,250.0
1768465862272,25558.2,250.0,25556.4,250.0
1768465862584,25558.3,250.0,25556.5,250.0
1768465862892,25558.5,250.0,25556.7,250.0
1768465863203,25558.7,250.0,25556.9,250.0
1768465863513,25558.3,250.0,25556.5,250.0
1768465863822,25558.6,250.0,25556.8,250.0
1768465864439,25558.9,250.0,25557.1,250.0
1768465864752,25559.1,250.0,25557.3,250.0
1768465865070,25559.2,250.0,25557.4,250.0
1768465865375,25558.7,250.0,25556.9,250.0
1768465866000,25556.4,250.0,25554.6,250.0
1768465866308,25556.3,250.0,25554.5,250.0
1768465866613,25555.9,250.0,25554.1,250.0
1768465866831,25556.1,250.0,25554.3,250.0
1768465867443,25555.9,250.0,25554.1,250.0
1768465867852,25555.0,250.0,25553.2,250.0
1768465868163,25555.4,250.0,25553.6,250.0
1768465868472,25555.9,250.0,25554.1,250.0
1768465869055,25556.0,250.0,25554.2,250.0
1768465869365,25557.1,250.0,25555.3,250.0
1768465869988,25556.8,250.0,25555.0,250.0
1768465870189,25557.1,250.0,25555.3,250.0
1768465870294,25557.0,250.0,25555.2,250.0
1768465871037,25557.1,250.0,25555.3,250.0
1768465871347,25556.5,250.0,25554.7,250.0
1768465871657,25556.0,250.0,25554.2,250.0
1768465871967,25555.6,250.0,25553.8,250.0
1768465873207,25555.7,250.0,25553.9,250.0
1768465873517,25555.3,250.0,25553.5,250.0
1768465873826,25555.1,250.0,25553.3,250.0
1768465874446,25555.3,250.0,25553.5,250.0
1768465874859,25555.5,250.0,25553.7,250.0
1768465875167,25555.6,250.0,25553.8,250.0
1768465875478,25555.5,250.0,25553.7,250.0
1768465875791,25556.0,250.0,25554.2,250.0
1768465876096,25556.2,250.0,25554.4,250.0
1768465876437,25556.3,250.0,25554.5,250.0
1768465876744,25557.5,250.0,25555.7,250.0
1768465877054,25557.1,250.0,25555.3,250.0
1768465877366,25556.7,250.0,25554.9,250.0
1768465877674,25556.5,250.0,25554.7,250.0
1768465877984,25556.2,250.0,25554.4,250.0
1768465878292,25556.6,250.0,25554.8,250.0
1768465878606,25556.3,250.0,25554.5,250.0
1768465878799,25556.1,250.0,25554.3,250.0
1768465878947,25556.0,250.0,25554.2,250.0
1768465879257,25555.4,250.0,25553.6,250.0
1768465879565,25555.3,250.0,25553.5,250.0
1768465880186,25555.8,250.0,25554.0,250.0
1768465880496,25556.3,250.0,25554.5,250.0
1768465880808,25556.8,250.0,25555.0,250.0
1768465880952,25557.0,250.0,25555.2,250.0
1768465881115,25556.7,250.0,25554.9,250.0
1768465881426,25556.3,250.0,25554.5,250.0
1768465881736,25556.9,250.0,25555.1,250.0
1768465882047,25557.2,250.0,25555.4,250.0
1768465882339,25557.5,250.0,25555.7,250.0
1768465882666,25557.2,250.0,25555.4,250.0
