timestamp,ask,ask_size,bid,bid_size
1768465013409,4605.85,40.0,4605.55,40.0
1768465013529,4605.94,40.0,4605.64,40.0
1768465013534,4605.98,40.0,4605.68,40.0
1768465013539,4606.0,40.0,4605.7,40.0
1768465013570,4606.07,40.0,4605.77,40.0
1768465013797,4606.09,40.0,4605.79,40.0
1768465014299,4606.08,40.0,4605.78,40.0
1768465014998,4606.07,40.0,4605.77,40.0
1768465015303,4606.09,40.0,4605.79,40.0
1768465015717,4606.08,40.0,4605.78,40.0
1768465015981,4606.05,40.0,4605.75,40.0
1768465015985,4605.93,40.0,4605.63,40.0
1768465016025,4605.89,40.0,4605.59,40.0
1768465016229,4605.84,40.0,4605.54,40.0
1768465016556,4605.78,40.0,4605.48,40.0
1768465016738,4605.76,40.0,4605.46,40.0
1768465016778,4605.73,40.0,4605.43,40.0
1768465016825,4605.72,40.0,4605.42,40.0
1768465016832,4605.75,40.0,4605.45,40.0
1768465017122,4605.84,40.0,4605.54,40.0
1768465017306,4605.87,40.0,4605.57,40.0
1768465017496,4605.86,40.0,4605.56,40.0
1768465017697,4605.87,40.0,4605.57,40.0
1768465017711,4605.97,40.0,4605.67,40.0
1768465017961,4606.03,40.0,4605.73,40.0
1768465018682,4606.02,40.0,4605.72,40.0
1768465018932,4606.05,40.0,4605.75,40.0
1768465019298,4606.03,40.0,4605.73,40.0
1768465019320,4605.95,40.0,4605.65,40.0
1768465019559,4605.92,40.0,4605.62,40.0
1768465019571,4605.8,40.0,4605.5,40.0
1768465019615,4605.75,40.0,4605.45,40.0
1768465019737,4605.79,40.0,4605.49,40.0
1768465019846,4605.78,40.0,4605.48,40.0
1768465019982,4605.74,40.0,4605.44,40.0
1768465020061,4605.76,40.0,4605.46,40.0
1768465020323,4605.71,40.0,4605.41,40.0
1768465020580,4605.7,40.0,4605.4,40.0
1768465020722,4605.71,40.0,4605.41,40.0
1768465021062,4605.76,40.0,4605.46,40.0
1768465021566,4605.75,40.0,4605.45,40.0
1768465021593,4605.73,40.0,4605.43,40.0
1768465021853,4605.7,40.0,4605.4,40.0
1768465022030,4605.67,40.0,4605.37,40.0
1768465022073,4605.65,40.0,4605.35,40.0
1768465022328,4605.61,40.0,4605.31,40.0
1768465022608,4605.57,40.0,4605.27,40.0
1768465022857,4605.58,40.0,4605.28,40.0
1768465023852,4605.55,40.0,4605.25,40.0
1768465024017,4605.56,40.0,4605.26,40.0
1768465024022,4605.65,40.0,4605.35,40.0
1768465024619,4605.63,40.0,4605.33,40.0
1768465025378,4605.6,40.0,4605.3,40.0
1768465026606,4605.56,40.0,4605.26,40.0
1768465026887,4605.49,40.0,4605.19,40.0
1768465027136,4605.47,40.0,4605.17,40.0
1768465027226,4605.4,40.0,4605.1,40.0
1768465027384,4605.38,40.0,4605.08,40.0
1768465027541,4605.34,40.0,4605.04,40.0
1768465027755,4605.35,40.0,4605.05,40.0
1768465028066,4605.36,40.0,4605.06,40.0
1768465028596,4605.37,40.0,4605.07,40.0
1768465029088,4605.36,40.0,4605.06,40.0
1768465029333,4605.31,40.0,4605.01,40.0
1768465029593,4605.28,40.0,4604.98,40.0
1768465029964,4605.31,40.0,4605.01,40.0
1768465030090,4605.33,40.0,4605.03,40.0
1768465030514,4605.31,40.0,4605.01,40.0
1768465030766,4605.34,40.0,4605.04,40.0
1768465031417,4605.33,40.0,4605.03,40.0
1768465031605,4605.34,40.0,4605.04,40.0
1768465032558,4605.33,40.0,4605.03,40.0
1768465032675,4605.32,40.0,4605.02,40.0
1768465032919,4605.31,40.0,4605.01,40.0
1768465033433,4605.3,40.0,4605.0,40.0
1768465034184,4605.31,40.0,4605.01,40.0
1768465034424,4605.37,40.0,4605.07,40.0
1768465034680,4605.42,40.0,4605.12,40.0
1768465036281,4605.39,40.0,4605.09,40.0
1768465036587,4605.38,40.0,4605.08,40.0
1768465036854,4605.33,40.0,4605.03,40.0
1768465037113,4605.3,40.0,4605.0,40.0
1768465037506,4605.28,40.0,4604.98,40.0
1768465037629,4605.26,40.0,4604.96,40.0
1768465037638,4605.21,40.0,4604.91,40.0
1768465037678,4605.18,40.0,4604.88,40.0
1768465037737,4605.17,40.0,4604.87,40.0
1768465037753,4605.08,40.0,4604.78,40.0
1768465037994,4605.04,40.0,4604.74,40.0
1768465038670,4605.03,40.0,4604.73,40.0
1768465038673,4605.0,40.0,4604.7,40.0
1768465038682,4604.95,40.0,4604.65,40.0
1768465038687,4604.93,40.0,4604.63,40.0
1768465038689,4604.92,40.0,4604.62,40.0
1768465038693,4604.9,40.0,4604.6,40.0
1768465038861,4604.92,40.0,4604.62,40.0
1768465038875,4604.93,40.0,4604.63,40.0
1768465038928,4604.83,40.0,4604.53,40.0
1768465039185,4604.82,40.0,4604.52,40.0
1768465039430,4604.79,40.0,4604.49,40.0
1768465039590,4604.8,40.0,4604.5,40.0
1768465039932,4604.82,40.0,4604.52,40.0
1768465040181,4604.83,40.0,4604.53,40.0
1768465040912,4604.84,40.0,4604.54,40.0
1768465041218,4604.83,40.0,4604.53,40.0
1768465041848,4604.82,40.0,4604.52,40.0
1768465042099,4604.81,40.0,4604.51,40.0
1768465042423,4604.82,40.0,4604.52,40.0
1768465042499,4604.94,40.0,4604.64,40.0
1768465042515,4604.78,40.0,4604.48,40.0
1768465042523,4604.73,40.0,4604.43,40.0
1768465042528,4604.71,40.0,4604.41,40.0
1768465042532,4604.69,40.0,4604.39,40.0
1768465042684,4604.61,40.0,4604.31,40.0
1768465042775,4604.72,40.0,4604.42,40.0
1768465042935,4604.73,40.0,4604.43,40.0
1768465043386,4604.71,40.0,4604.41,40.0
1768465043466,4604.8,40.0,4604.5,40.0
1768465044365,4604.85,40.0,4604.55,40.0
1768465044806,4604.88,40.0,4604.58,40.0
1768465045025,4604.86,40.0,4604.56,40.0
1768465045335,4604.84,40.0,4604.54,40.0
1768465045607,4604.86,40.0,4604.56,40.0
1768465045760,4604.83,40.0,4604.53,40.0
1768465046030,4604.79,40.0,4604.49,40.0
1768465046414,4604.81,40.0,4604.51,40.0
1768465047102,4604.8,40.0,4604.5,40.0
1768465047336,4604.87,40.0,4604.57,40.0
1768465047604,4604.85,40.0,4604.55,40.0
1768465047866,4604.86,40.0,4604.56,40.0
1768465048117,4604.87,40.0,4604.57,40.0
1768465048303,4604.95,40.0,4604.65,40.0
1768465048307,4605.04,40.0,4604.74,40.0
1768465048419,4605.06,40.0,4604.76,40.0
1768465049796,4605.05,40.0,4604.75,40.0
1768465050744,4605.06,40.0,4604.76,40.0
1768465051837,4605.03,40.0,4604.73,40.0
1768465052108,4605.02,40.0,4604.72,40.0
1768465052209,4604.98,40.0,4604.68,40.0
1768465053212,4604.99,40.0,4604.69,40.0
1768465053473,4604.97,40.0,4604.67,40.0
1768465053729,4605.0,40.0,4604.7,40.0
1768465053816,4605.03,40.0,4604.73,40.0
1768465053936,4605.05,40.0,4604.75,40.0
1768465054357,4605.12,40.0,4604.82,40.0
1768465054663,4605.13,40.0,4604.83,40.0
1768465055285,4605.18,40.0,4604.88,40.0
1768465056119,4605.17,40.0,4604.87,40.0
1768465056382,4605.16,40.0,4604.86,40.0
1768465056835,4605.15,40.0,4604.85,40.0
1768465057235,4605.16,40.0,4604.86,40.0
1768465057700,4605.18,40.0,4604.88,40.0
1768465057705,4605.3,40.0,4605.0,40.0
1768465057714,4605.37,40.0,4605.07,40.0
1768465057959,4605.38,40.0,4605.08,40.0
1768465058132,4605.37,40.0,4605.07,40.0
1768465058409,4605.36,40.0,4605.06,40.0
1768465058711,4605.35,40.0,4605.05,40.0
1768465058924,4605.34,40.0,4605.04,40.0
1768465059245,4605.42,40.0,4605.12,40.0
1768465059512,4605.34,40.0,4605.04,40.0
1768465059520,4605.27,40.0,4604.97,40.0
1768465059533,4605.21,40.0,4604.91,40.0
1768465059535,4605.32,40.0,4605.02,40.0
1768465059537,4605.22,40.0,4604.92,40.0
1768465059549,4605.14,40.0,4604.84,40.0
1768465059551,4604.99,40.0,4604.69,40.0
1768465059798,4604.96,40.0,4604.66,40.0
1768465059924,4604.99,40.0,4604.69,40.0
1768465060222,4604.96,40.0,4604.66,40.0
1768465060489,4604.97,40.0,4604.67,40.0
1768465061031,4605.0,40.0,4604.7,40.0
1768465061884,4605.06,40.0,4604.76,40.0
1768465062232,4605.1,40.0,4604.8,40.0
1768465062542,4605.11,40.0,4604.81,40.0
1768465062802,4605.1,40.0,4604.8,40.0
1768465064654,4605.13,40.0,4604.83,40.0
1768465064984,4605.09,40.0,4604.79,40.0
1768465065811,4605.1,40.0,4604.8,40.0
1768465065929,4605.12,40.0,4604.82,40.0
1768465066249,4605.1,40.0,4604.8,40.0
1768465066589,4605.11,40.0,4604.81,40.0
1768465066820,4605.15,40.0,4604.85,40.0
1768465067070,4605.19,40.0,4604.89,40.0
1768465067170,4605.2,40.0,4604.9,40.0
1768465067321,4605.18,40.0,4604.88,40.0
1768465067426,4605.21,40.0,4604.91,40.0
1768465067680,4605.15,40.0,4604.85,40.0
1768465068216,4605.22,40.0,4604.92,40.0
1768465068318,4605.17,40.0,4604.87,40.0
1768465068563,4605.2,40.0,4604.9,40.0
1768465068653,4605.12,40.0,4604.82,40.0
1768465069577,4605.18,40.0,4604.88,40.0
1768465069747,4605.17,40.0,4604.87,40.0
1768465070056,4605.21,40.0,4604.91,40.0
1768465070906,4605.12,40.0,4604.82,40.0
1768465071413,4605.14,40.0,4604.84,40.0
1768465071769,4605.13,40.0,4604.83,40.0
1768465072504,4605.12,40.0,4604.82,40.0
1768465072753,4605.13,40.0,4604.83,40.0
1768465076074,4605.17,40.0,4604.87,40.0
1768465076280,4605.15,40.0,4604.85,40.0
1768465076561,4605.14,40.0,4604.84,40.0
1768465076568,4605.22,40.0,4604.92,40.0
1768465077083,4605.19,40.0,4604.89,40.0
1768465078554,4605.18,40.0,4604.88,40.0
1768465080136,4605.17,40.0,4604.87,40.0
1768465080150,4605.11,40.0,4604.81,40.0
1768465080258,4605.08,40.0,4604.78,40.0
1768465080259,4605.06,40.0,4604.76,40.0
1768465080390,4604.98,40.0,4604.68,40.0
1768465080514,4604.96,40.0,4604.66,40.0
1768465081470,4605.02,40.0,4604.72,40.0
1768465081730,4605.04,40.0,4604.74,40.0
1768465081867,4605.07,40.0,4604.77,40.0
1768465082001,4605.13,40.0,4604.83,40.0
1768465082479,4605.11,40.0,4604.81,40.0
1768465082752,4605.13,40.0,4604.83,40.0
1768465083421,4605.12,40.0,4604.82,40.0
1768465083736,4605.05,40.0,4604.75,40.0
1768465084208,4605.01,40.0,4604.71,40.0
1768465084417,4604.99,40.0,4604.69,40.0
1768465086439,4604.96,40.0,4604.66,40.0
1768465086651,4604.92,40.0,4604.62,40.0
1768465086821,4604.93,40.0,4604.63,40.0
1768465087452,4604.94,40.0,4604.64,40.0
1768465087963,4604.93,40.0,4604.63,40.0
1768465088521,4604.94,40.0,4604.64,40.0
1768465088638,4604.88,40.0,4604.58,40.0
1768465089003,4604.85,40.0,4604.55,40.0
1768465089418,4604.9,40.0,4604.6,40.0
1768465089680,4604.89,40.0,4604.59,40.0
1768465089933,4604.84,40.0,4604.54,40.0
1768465090183,4604.87,40.0,4604.57,40.0
1768465090431,4604.88,40.0,4604.58,40.0
1768465090680,4604.87,40.0,4604.57,40.0
1768465090931,4604.89,40.0,4604.59,40.0
1768465090978,4604.97,40.0,4604.67,40.0
1768465091182,4605.0,40.0,4604.7,40.0
1768465091601,4605.03,40.0,4604.73,40.0
1768465091935,4605.04,40.0,4604.74,40.0
1768465092037,4605.06,40.0,4604.76,40.0
1768465092142,4605.03,40.0,4604.73,40.0
1768465092445,4605.05,40.0,4604.75,40.0
1768465092839,4605.1,40.0,4604.8,40.0
1768465092948,4605.18,40.0,4604.88,40.0
1768465092958,4605.29,40.0,4604.99,40.0
1768465093088,4605.21,40.0,4604.91,40.0
1768465093340,4605.2,40.0,4604.9,40.0
1768465093626,4605.21,40.0,4604.91,40.0
1768465093936,4605.23,40.0,4604.93,40.0
1768465094184,4605.29,40.0,4604.99,40.0
1768465094684,4605.25,40.0,4604.95,40.0
1768465094934,4605.28,40.0,4604.98,40.0
1768465095185,4605.26,40.0,4604.96,40.0
1768465095554,4605.29,40.0,4604.99,40.0
1768465095687,4605.3,40.0,4605.0,40.0
1768465095874,4605.33,40.0,4605.03,40.0
1768465096139,4605.34,40.0,4605.04,40.0
1768465097432,4605.33,40.0,4605.03,40.0
1768465097745,4605.44,40.0,4605.14,40.0
1768465097942,4605.48,40.0,4605.18,40.0
1768465098046,4605.49,40.0,4605.19,40.0
1768465098153,4605.5,40.0,4605.2,40.0
1768465098306,4605.46,40.0,4605.16,40.0
1768465098561,4605.44,40.0,4605.14,40.0
1768465100846,4605.42,40.0,4605.12,40.0
1768465101027,4605.43,40.0,4605.13,40.0
1768465102743,4605.47,40.0,4605.17,40.0
1768465102999,4605.45,40.0,4605.15,40.0
1768465103602,4605.47,40.0,4605.17,40.0
1768465103976,4605.43,40.0,4605.13,40.0
1768465103984,4605.37,40.0,4605.07,40.0
1768465104090,4605.38,40.0,4605.08,40.0
1768465104198,4605.34,40.0,4605.04,40.0
1768465104872,4605.35,40.0,4605.05,40.0
1768465105089,4605.37,40.0,4605.07,40.0
1768465105342,4605.34,40.0,4605.04,40.0
1768465105602,4605.35,40.0,4605.05,40.0
1768465105878,4605.34,40.0,4605.04,40.0
1768465106669,4605.32,40.0,4605.02,40.0
1768465106917,4605.29,40.0,4604.99,40.0
1768465107165,4605.34,40.0,4605.04,40.0
1768465107376,4605.35,40.0,4605.05,40.0
1768465108143,4605.34,40.0,4605.04,40.0
1768465108386,4605.32,40.0,4605.02,40.0
1768465108733,4605.3,40.0,4605.0,40.0
1768465108791,4605.38,40.0,4605.08,40.0
1768465108982,4605.4,40.0,4605.1,40.0
1768465109232,4605.45,40.0,4605.15,40.0
1768465109434,4605.43,40.0,4605.13,40.0
1768465109719,4605.42,40.0,4605.12,40.0
1768465110174,4605.43,40.0,4605.13,40.0
1768465112223,4605.44,40.0,4605.14,40.0
1768465112390,4605.45,40.0,4605.15,40.0
1768465112492,4605.41,40.0,4605.11,40.0
1768465113526,4605.4,40.0,4605.1,40.0
1768465113645,4605.35,40.0,4605.05,40.0
1768465114043,4605.29,40.0,4604.99,40.0
1768465114285,4605.25,40.0,4604.95,40.0
1768465114535,4605.23,40.0,4604.93,40.0
1768465114710,4605.21,40.0,4604.91,40.0
1768465114720,4605.12,40.0,4604.82,40.0
1768465114723,4605.1,40.0,4604.8,40.0
1768465114726,4605.08,40.0,4604.78,40.0
1768465114728,4604.96,40.0,4604.66,40.0
1768465114779,4605.04,40.0,4604.74,40.0
1768465115031,4604.95,40.0,4604.65,40.0
1768465116471,4604.96,40.0,4604.66,40.0
1768465116718,4604.97,40.0,4604.67,40.0
1768465116943,4604.98,40.0,4604.68,40.0
1768465117160,4605.04,40.0,4604.74,40.0
1768465117473,4604.98,40.0,4604.68,40.0
1768465117601,4604.97,40.0,4604.67,40.0
1768465117775,4605.06,40.0,4604.76,40.0
1768465118125,4605.07,40.0,4604.77,40.0
1768465118377,4605.1,40.0,4604.8,40.0
1768465118393,4605.18,40.0,4604.88,40.0
1768465118406,4605.26,40.0,4604.96,40.0
1768465118849,4605.22,40.0,4604.92,40.0
1768465119126,4605.21,40.0,4604.91,40.0
1768465119236,4605.22,40.0,4604.92,40.0
1768465119478,4605.2,40.0,4604.9,40.0
1768465119695,4605.22,40.0,4604.92,40.0
1768465119991,4605.25,40.0,4604.95,40.0
1768465120241,4605.24,40.0,4604.94,40.0
1768465121390,4605.25,40.0,4604.95,40.0
1768465121651,4605.29,40.0,4604.99,40.0
1768465122526,4605.26,40.0,4604.96,40.0
1768465122541,4605.16,40.0,4604.86,40.0
1768465122546,4605.13,40.0,4604.83,40.0
1768465122548,4605.1,40.0,4604.8,40.0
1768465122552,4605.06,40.0,4604.76,40.0
1768465122557,4604.95,40.0,4604.65,40.0
1768465122565,4604.92,40.0,4604.62,40.0
1768465122589,4604.85,40.0,4604.55,40.0
1768465122662,4604.78,40.0,4604.48,40.0
1768465122705,4604.86,40.0,4604.56,40.0
1768465122806,4604.88,40.0,4604.58,40.0
1768465122950,4604.87,40.0,4604.57,40.0
1768465123073,4604.94,40.0,4604.64,40.0
1768465123165,4605.01,40.0,4604.71,40.0
1768465123178,4605.05,40.0,4604.75,40.0
1768465123451,4605.09,40.0,4604.79,40.0
1768465124039,4605.11,40.0,4604.81,40.0
1768465124427,4605.08,40.0,4604.78,40.0
1768465124530,4605.07,40.0,4604.77,40.0
1768465124539,4604.96,40.0,4604.66,40.0
1768465125523,4604.97,40.0,4604.67,40.0
1768465125602,4605.05,40.0,4604.75,40.0
1768465125713,4605.03,40.0,4604.73,40.0
1768465125777,4604.96,40.0,4604.66,40.0
1768465125816,4604.87,40.0,4604.57,40.0
1768465125965,4604.88,40.0,4604.58,40.0
1768465125966,4604.77,40.0,4604.47,40.0
1768465125971,4604.73,40.0,4604.43,40.0
1768465125974,4604.75,40.0,4604.45,40.0
1768465126016,4604.73,40.0,4604.43,40.0
1768465126033,4604.62,40.0,4604.32,40.0
1768465126596,4604.66,40.0,4604.36,40.0
1768465126860,4604.68,40.0,4604.38,40.0
1768465127020,4604.64,40.0,4604.34,40.0
1768465127362,4604.65,40.0,4604.35,40.0
1768465128112,4604.64,40.0,4604.34,40.0
1768465128361,4604.66,40.0,4604.36,40.0
1768465129017,4604.69,40.0,4604.39,40.0
1768465129029,4604.6,40.0,4604.3,40.0
1768465129531,4604.58,40.0,4604.28,40.0
1768465129556,4604.66,40.0,4604.36,40.0
1768465129706,4604.69,40.0,4604.39,40.0
1768465129716,4604.75,40.0,4604.45,40.0
1768465130032,4604.79,40.0,4604.49,40.0
1768465130240,4604.7,40.0,4604.4,40.0
1768465130436,4604.65,40.0,4604.35,40.0
1768465130807,4604.63,40.0,4604.33,40.0
1768465131171,4604.64,40.0,4604.34,40.0
1768465132687,4604.62,40.0,4604.32,40.0
1768465132748,4604.75,40.0,4604.45,40.0
1768465132755,4604.82,40.0,4604.52,40.0
1768465132759,4604.88,40.0,4604.58,40.0
1768465132767,4604.93,40.0,4604.63,40.0
1768465132770,4605.07,40.0,4604.77,40.0
1768465132773,4605.1,40.0,4604.8,40.0
1768465132814,4605.18,40.0,4604.88,40.0
1768465132935,4605.19,40.0,4604.89,40.0
1768465133026,4605.13,40.0,4604.83,40.0
1768465133106,4605.11,40.0,4604.81,40.0
1768465133191,4605.1,40.0,4604.8,40.0
1768465133283,4605.01,40.0,4604.71,40.0
1768465133448,4604.99,40.0,4604.69,40.0
1768465134210,4604.95,40.0,4604.65,40.0
1768465134218,4604.88,40.0,4604.58,40.0
1768465134337,4604.83,40.0,4604.53,40.0
1768465134536,4604.84,40.0,4604.54,40.0
1768465135036,4604.82,40.0,4604.52,40.0
1768465135149,4604.83,40.0,4604.53,40.0
1768465135415,4604.95,40.0,4604.65,40.0
1768465135632,4604.93,40.0,4604.63,40.0
1768465135642,4605.03,40.0,4604.73,40.0
1768465135645,4605.12,40.0,4604.82,40.0
1768465135650,4605.22,40.0,4604.92,40.0
1768465135675,4605.26,40.0,4604.96,40.0
1768465135685,4605.29,40.0,4604.99,40.0
1768465135690,4605.39,40.0,4605.09,40.0
1768465135914,4605.37,40.0,4605.07,40.0
1768465136040,4605.35,40.0,4605.05,40.0
1768465136312,4605.3,40.0,4605.0,40.0
1768465136415,4605.33,40.0,4605.03,40.0
1768465136690,4605.32,40.0,4605.02,40.0
1768465136954,4605.31,40.0,4605.01,40.0
1768465137192,4605.32,40.0,4605.02,40.0
1768465137445,4605.31,40.0,4605.01,40.0
1768465137614,4605.32,40.0,4605.02,40.0
1768465137992,4605.33,40.0,4605.03,40.0
1768465138434,4605.35,40.0,4605.05,40.0
1768465138897,4605.32,40.0,4605.02,40.0
1768465139118,4605.28,40.0,4604.98,40.0
1768465139394,4605.23,40.0,4604.93,40.0
1768465139561,4605.22,40.0,4604.92,40.0
1768465139689,4605.24,40.0,4604.94,40.0
1768465139719,4605.33,40.0,4605.03,40.0
1768465139766,4605.41,40.0,4605.11,40.0
1768465139778,4605.46,40.0,4605.16,40.0
1768465139782,4605.5,40.0,4605.2,40.0
1768465139788,4605.62,40.0,4605.32,40.0
1768465139839,4605.72,40.0,4605.42,40.0
1768465139851,4605.82,40.0,4605.52,40.0
1768465140032,4605.81,40.0,4605.51,40.0
1768465140044,4605.75,40.0,4605.45,40.0
1768465140166,4605.73,40.0,4605.43,40.0
1768465140175,4605.71,40.0,4605.41,40.0
1768465140286,4605.64,40.0,4605.34,40.0
1768465140706,4605.58,40.0,4605.28,40.0
1768465140864,4605.6,40.0,4605.3,40.0
1768465141047,4605.64,40.0,4605.34,40.0
1768465141215,4605.66,40.0,4605.36,40.0
1768465141327,4605.64,40.0,4605.34,40.0
1768465141570,4605.65,40.0,4605.35,40.0
1768465141694,4605.64,40.0,4605.34,40.0
1768465141872,4605.66,40.0,4605.36,40.0
1768465141975,4605.76,40.0,4605.46,40.0
1768465142023,4605.85,40.0,4605.55,40.0
1768465142281,4605.93,40.0,4605.63,40.0
1768465142390,4605.96,40.0,4605.66,40.0
1768465142520,4605.95,40.0,4605.65,40.0
1768465142622,4605.93,40.0,4605.63,40.0
1768465142905,4605.9,40.0,4605.6,40.0
1768465143160,4605.88,40.0,4605.58,40.0
1768465143261,4605.9,40.0,4605.6,40.0
1768465143373,4605.92,40.0,4605.62,40.0
1768465143386,4605.9,40.0,4605.6,40.0
1768465143388,4605.88,40.0,4605.58,40.0
1768465143624,4605.84,40.0,4605.54,40.0
1768465143873,4605.88,40.0,4605.58,40.0
1768465143913,4605.86,40.0,4605.56,40.0
1768465144361,4605.85,40.0,4605.55,40.0
1768465144370,4605.84,40.0,4605.54,40.0
1768465144371,4605.85,40.0,4605.55,40.0
1768465144392,4605.82,40.0,4605.52,40.0
1768465144447,4605.73,40.0,4605.43,40.0
1768465144653,4605.74,40.0,4605.44,40.0
1768465145200,4605.75,40.0,4605.45,40.0
1768465145618,4605.73,40.0,4605.43,40.0
1768465145739,4605.74,40.0,4605.44,40.0
1768465145805,4605.86,40.0,4605.56,40.0
1768465145811,4605.91,40.0,4605.61,40.0
1768465145874,4606.05,40.0,4605.75,40.0
1768465146018,4606.04,40.0,4605.74,40.0
1768465146375,4606.01,40.0,4605.71,40.0
1768465146593,4605.97,40.0,4605.67,40.0
1768465147174,4605.96,40.0,4605.66,40.0
1768465147192,4606.04,40.0,4605.74,40.0
1768465147691,4606.05,40.0,4605.75,40.0
1768465147888,4606.03,40.0,4605.73,40.0
1768465148156,4606.02,40.0,4605.72,40.0
1768465148658,4606.03,40.0,4605.73,40.0
1768465149130,4606.07,40.0,4605.77,40.0
1768465149378,4606.08,40.0,4605.78,40.0
1768465149571,4606.09,40.0,4605.79,40.0
1768465150089,4606.05,40.0,4605.75,40.0
1768465150316,4606.06,40.0,4605.76,40.0
1768465150567,4606.05,40.0,4605.75,40.0
1768465150830,4606.04,40.0,4605.74,40.0
1768465150986,4606.03,40.0,4605.73,40.0
1768465151237,4606.02,40.0,4605.72,40.0
1768465152040,4606.0,40.0,4605.7,40.0
1768465152177,4605.96,40.0,4605.66,40.0
1768465152299,4605.94,40.0,4605.64,40.0
1768465152472,4605.95,40.0,4605.65,40.0
1768465152674,4605.92,40.0,4605.62,40.0
1768465152775,4605.91,40.0,4605.61,40.0
1768465153031,4605.92,40.0,4605.62,40.0
1768465153800,4605.91,40.0,4605.61,40.0
1768465154049,4605.94,40.0,4605.64,40.0
1768465154299,4605.93,40.0,4605.63,40.0
1768465154468,4605.92,40.0,4605.62,40.0
1768465154748,4605.86,40.0,4605.56,40.0
1768465154849,4605.83,40.0,4605.53,40.0
1768465155064,4605.86,40.0,4605.56,40.0
1768465155171,4605.85,40.0,4605.55,40.0
1768465155307,4605.82,40.0,4605.52,40.0
1768465155742,4605.83,40.0,4605.53,40.0
1768465156022,4605.84,40.0,4605.54,40.0
1768465156150,4605.86,40.0,4605.56,40.0
1768465156260,4605.84,40.0,4605.54,40.0
1768465156510,4605.83,40.0,4605.53,40.0
1768465156622,4605.85,40.0,4605.55,40.0
1768465156763,4605.89,40.0,4605.59,40.0
1768465157013,4605.87,40.0,4605.57,40.0
1768465157262,4605.86,40.0,4605.56,40.0
1768465157434,4605.87,40.0,4605.57,40.0
1768465158298,4605.81,40.0,4605.51,40.0
1768465158306,4605.79,40.0,4605.49,40.0
1768465158314,4605.76,40.0,4605.46,40.0
1768465158326,4605.78,40.0,4605.48,40.0
1768465158371,4605.86,40.0,4605.56,40.0
1768465158491,4605.88,40.0,4605.58,40.0
1768465158735,4605.89,40.0,4605.59,40.0
1768465158841,4605.91,40.0,4605.61,40.0
1768465159714,4605.9,40.0,4605.6,40.0
1768465160234,4605.91,40.0,4605.61,40.0
1768465160521,4605.86,40.0,4605.56,40.0
1768465160771,4605.81,40.0,4605.51,40.0
1768465160994,4605.79,40.0,4605.49,40.0
1768465161269,4605.78,40.0,4605.48,40.0
1768465161330,4605.69,40.0,4605.39,40.0
1768465161910,4605.7,40.0,4605.4,40.0
1768465162304,4605.67,40.0,4605.37,40.0
1768465162929,4605.68,40.0,4605.38,40.0
1768465163248,4605.67,40.0,4605.37,40.0
1768465163284,4605.65,40.0,4605.35,40.0
1768465163320,4605.63,40.0,4605.33,40.0
1768465163328,4605.61,40.0,4605.31,40.0
1768465163333,4605.58,40.0,4605.28,40.0
1768465163350,4605.56,40.0,4605.26,40.0
1768465163359,4605.48,40.0,4605.18,40.0
1768465163411,4605.55,40.0,4605.25,40.0
1768465163513,4605.56,40.0,4605.26,40.0
1768465163661,4605.57,40.0,4605.27,40.0
1768465163734,4605.68,40.0,4605.38,40.0
1768465163870,4605.69,40.0,4605.39,40.0
1768465164095,4605.71,40.0,4605.41,40.0
1768465164292,4605.72,40.0,4605.42,40.0
1768465164768,4605.7,40.0,4605.4,40.0
1768465164919,4605.66,40.0,4605.36,40.0
1768465165179,4605.62,40.0,4605.32,40.0
1768465165435,4605.61,40.0,4605.31,40.0
1768465165697,4605.57,40.0,4605.27,40.0
1768465166034,4605.58,40.0,4605.28,40.0
1768465166269,4605.59,40.0,4605.29,40.0
1768465166436,4605.61,40.0,4605.31,40.0
1768465166442,4605.54,40.0,4605.24,40.0
1768465166506,4605.46,40.0,4605.16,40.0
1768465166510,4605.4,40.0,4605.1,40.0
1768465166516,4605.37,40.0,4605.07,40.0
1768465166524,4605.29,40.0,4604.99,40.0
1768465166553,4605.16,40.0,4604.86,40.0
1768465166790,4605.12,40.0,4604.82,40.0
1768465167091,4605.13,40.0,4604.83,40.0
1768465167207,4605.1,40.0,4604.8,40.0
1768465167472,4605.05,40.0,4604.75,40.0
1768465167753,4605.02,40.0,4604.72,40.0
1768465168050,4605.04,40.0,4604.74,40.0
1768465168299,4605.05,40.0,4604.75,40.0
1768465168550,4605.07,40.0,4604.77,40.0
1768465169500,4604.99,40.0,4604.69,40.0
1768465169747,4605.01,40.0,4604.71,40.0
1768465169895,4605.03,40.0,4604.73,40.0
1768465170053,4605.07,40.0,4604.77,40.0
1768465170074,4604.98,40.0,4604.68,40.0
1768465170772,4605.0,40.0,4604.7,40.0
1768465170878,4605.01,40.0,4604.71,40.0
1768465171129,4605.04,40.0,4604.74,40.0
1768465171780,4605.07,40.0,4604.77,40.0
1768465171950,4605.05,40.0,4604.75,40.0
1768465172218,4605.16,40.0,4604.86,40.0
1768465172235,4605.06,40.0,4604.76,40.0
1768465172241,4604.97,40.0,4604.67,40.0
1768465172380,4604.95,40.0,4604.65,40.0
1768465172544,4604.91,40.0,4604.61,40.0
1768465172738,4604.89,40.0,4604.59,40.0
1768465173152,4604.8,40.0,4604.5,40.0
1768465173381,4604.83,40.0,4604.53,40.0
1768465173516,4604.82,40.0,4604.52,40.0
1768465173631,4604.83,40.0,4604.53,40.0
1768465173777,4604.81,40.0,4604.51,40.0
1768465175128,4604.91,40.0,4604.61,40.0
1768465175271,4604.93,40.0,4604.63,40.0
1768465175939,4604.87,40.0,4604.57,40.0
1768465176047,4604.82,40.0,4604.52,40.0
1768465176435,4604.85,40.0,4604.55,40.0
1768465176682,4604.83,40.0,4604.53,40.0
1768465176965,4604.75,40.0,4604.45,40.0
1768465177212,4604.79,40.0,4604.49,40.0
1768465178093,4604.8,40.0,4604.5,40.0
1768465179027,4604.89,40.0,4604.59,40.0
1768465179142,4604.91,40.0,4604.61,40.0
1768465179175,4604.96,40.0,4604.66,40.0
1768465179277,4604.98,40.0,4604.68,40.0
1768465179428,4605.01,40.0,4604.71,40.0
1768465179838,4605.03,40.0,4604.73,40.0
1768465179882,4605.1,40.0,4604.8,40.0
1768465180123,4605.12,40.0,4604.82,40.0
1768465180334,4605.06,40.0,4604.76,40.0
1768465180472,4605.01,40.0,4604.71,40.0
1768465180824,4604.98,40.0,4604.68,40.0
1768465180868,4605.1,40.0,4604.8,40.0
1768465180931,4605.16,40.0,4604.86,40.0
1768465180935,4605.2,40.0,4604.9,40.0
1768465180938,4605.21,40.0,4604.91,40.0
1768465180972,4605.3,40.0,4605.0,40.0
1768465181068,4605.41,40.0,4605.11,40.0
1768465181082,4605.54,40.0,4605.24,40.0
1768465181351,4605.6,40.0,4605.3,40.0
1768465182568,4605.61,40.0,4605.31,40.0
1768465182672,4605.63,40.0,4605.33,40.0
1768465183069,4605.62,40.0,4605.32,40.0
1768465183322,4605.61,40.0,4605.31,40.0
1768465184370,4605.6,40.0,4605.3,40.0
1768465184540,4605.57,40.0,4605.27,40.0
1768465185133,4605.56,40.0,4605.26,40.0
1768465185882,4605.57,40.0,4605.27,40.0
1768465186118,4605.55,40.0,4605.25,40.0
1768465186128,4605.48,40.0,4605.18,40.0
1768465186138,4605.57,40.0,4605.27,40.0
1768465186150,4605.67,40.0,4605.37,40.0
1768465186334,4605.73,40.0,4605.43,40.0
1768465186651,4605.74,40.0,4605.44,40.0
1768465187038,4605.71,40.0,4605.41,40.0
1768465187773,4605.73,40.0,4605.43,40.0
1768465188060,4605.79,40.0,4605.49,40.0
1768465188302,4605.82,40.0,4605.52,40.0
1768465188707,4605.79,40.0,4605.49,40.0
1768465188807,4605.76,40.0,4605.46,40.0
1768465188915,4605.75,40.0,4605.45,40.0
1768465189151,4605.76,40.0,4605.46,40.0
1768465189398,4605.75,40.0,4605.45,40.0
1768465189706,4605.78,40.0,4605.48,40.0
1768465189831,4605.75,40.0,4605.45,40.0
1768465190087,4605.77,40.0,4605.47,40.0
1768465190208,4605.76,40.0,4605.46,40.0
1768465190328,4605.75,40.0,4605.45,40.0
1768465190462,4605.76,40.0,4605.46,40.0
1768465191207,4605.72,40.0,4605.42,40.0
1768465191387,4605.92,40.0,4605.62,40.0
1768465191696,4606.0,40.0,4605.7,40.0
1768465191876,4606.04,40.0,4605.74,40.0
1768465192142,4606.0,40.0,4605.7,40.0
1768465192533,4606.03,40.0,4605.73,40.0
1768465193274,4605.97,40.0,4605.67,40.0
1768465193517,4605.99,40.0,4605.69,40.0
1768465193766,4606.01,40.0,4605.71,40.0
1768465195467,4606.05,40.0,4605.75,40.0
1768465196187,4606.03,40.0,4605.73,40.0
1768465196902,4606.04,40.0,4605.74,40.0
1768465197152,4606.01,40.0,4605.71,40.0
1768465197405,4606.04,40.0,4605.74,40.0
1768465198547,4606.06,40.0,4605.76,40.0
1768465198951,4606.08,40.0,4605.78,40.0
1768465200437,4606.07,40.0,4605.77,40.0
1768465202551,4606.08,40.0,4605.78,40.0
1768465203566,4606.06,40.0,4605.76,40.0
1768465203701,4606.04,40.0,4605.74,40.0
1768465203717,4605.97,40.0,4605.67,40.0
1768465203739,4605.96,40.0,4605.66,40.0
1768465203784,4605.86,40.0,4605.56,40.0
1768465204012,4605.82,40.0,4605.52,40.0
1768465204478,4605.81,40.0,4605.51,40.0
1768465204538,4605.84,40.0,4605.54,40.0
1768465204685,4605.86,40.0,4605.56,40.0
1768465204696,4605.92,40.0,4605.62,40.0
1768465204702,4606.01,40.0,4605.71,40.0
1768465204844,4606.04,40.0,4605.74,40.0
1768465204946,4606.07,40.0,4605.77,40.0
1768465205307,4606.06,40.0,4605.76,40.0
1768465205555,4606.11,40.0,4605.81,40.0
1768465205806,4606.09,40.0,4605.79,40.0
1768465206035,4606.08,40.0,4605.78,40.0
1768465207496,4606.07,40.0,4605.77,40.0
1768465207894,4606.05,40.0,4605.75,40.0
1768465208179,4606.09,40.0,4605.79,40.0
1768465208799,4606.08,40.0,4605.78,40.0
1768465209494,4606.07,40.0,4605.77,40.0
1768465210839,4606.08,40.0,4605.78,40.0
1768465210889,4606.17,40.0,4605.87,40.0
1768465210898,4606.26,40.0,4605.96,40.0
1768465210906,4606.31,40.0,4606.01,40.0
1768465210919,4606.32,40.0,4606.02,40.0
1768465210934,4606.34,40.0,4606.04,40.0
1768465210957,4606.35,40.0,4606.05,40.0
1768465210973,4606.44,40.0,4606.14,40.0
1768465211551,4606.42,40.0,4606.12,40.0
1768465212204,4606.44,40.0,4606.14,40.0
1768465212311,4606.48,40.0,4606.18,40.0
1768465212530,4606.44,40.0,4606.14,40.0
1768465212750,4606.45,40.0,4606.15,40.0
1768465213017,4606.44,40.0,4606.14,40.0
1768465213281,4606.43,40.0,4606.13,40.0
1768465213503,4606.41,40.0,4606.11,40.0
1768465213633,4606.4,40.0,4606.1,40.0
1768465213801,4606.36,40.0,4606.06,40.0
1768465213951,4606.33,40.0,4606.03,40.0
1768465214294,4606.35,40.0,4606.05,40.0
1768465214402,4606.37,40.0,4606.07,40.0
1768465215054,4606.39,40.0,4606.09,40.0
1768465215576,4606.35,40.0,4606.05,40.0
1768465215813,4606.33,40.0,4606.03,40.0
1768465215915,4606.25,40.0,4605.95,40.0
1768465216068,4606.29,40.0,4605.99,40.0
1768465216235,4606.33,40.0,4606.03,40.0
1768465216569,4606.31,40.0,4606.01,40.0
1768465216685,4606.33,40.0,4606.03,40.0
1768465217937,4606.32,40.0,4606.02,40.0
1768465218579,4606.24,40.0,4605.94,40.0
1768465218904,4606.33,40.0,4606.03,40.0
1768465219083,4606.37,40.0,4606.07,40.0
1768465219706,4606.35,40.0,4606.05,40.0
1768465221264,4606.37,40.0,4606.07,40.0
1768465221284,4606.45,40.0,4606.15,40.0
1768465221583,4606.47,40.0,4606.17,40.0
1768465221706,4606.46,40.0,4606.16,40.0
1768465221832,4606.45,40.0,4606.15,40.0
1768465222244,4606.46,40.0,4606.16,40.0
1768465222531,4606.47,40.0,4606.17,40.0
1768465222718,4606.38,40.0,4606.08,40.0
1768465223036,4606.39,40.0,4606.09,40.0
1768465223223,4606.35,40.0,4606.05,40.0
1768465223331,4606.37,40.0,4606.07,40.0
1768465223465,4606.35,40.0,4606.05,40.0
1768465223609,4606.33,40.0,4606.03,40.0
1768465223875,4606.37,40.0,4606.07,40.0
1768465224026,4606.33,40.0,4606.03,40.0
1768465224169,4606.35,40.0,4606.05,40.0
1768465224280,4606.33,40.0,4606.03,40.0
1768465224482,4606.34,40.0,4606.04,40.0
1768465224661,4606.32,40.0,4606.02,40.0
1768465224898,4606.34,40.0,4606.04,40.0
1768465225028,4606.33,40.0,4606.03,40.0
1768465225967,4606.32,40.0,4606.02,40.0
1768465226223,4606.3,40.0,4606.0,40.0
1768465226474,4606.35,40.0,4606.05,40.0
1768465226667,4606.34,40.0,4606.04,40.0
1768465226782,4606.33,40.0,4606.03,40.0
1768465227033,4606.32,40.0,4606.02,40.0
1768465227198,4606.31,40.0,4606.01,40.0
1768465227475,4606.33,40.0,4606.03,40.0
1768465227590,4606.39,40.0,4606.09,40.0
1768465227765,4606.41,40.0,4606.11,40.0
1768465228282,4606.38,40.0,4606.08,40.0
1768465228419,4606.45,40.0,4606.15,40.0
1768465228783,4606.4,40.0,4606.1,40.0
1768465229629,4606.41,40.0,4606.11,40.0
1768465230150,4606.39,40.0,4606.09,40.0
1768465230328,4606.33,40.0,4606.03,40.0
1768465230651,4606.32,40.0,4606.02,40.0
1768465230753,4606.31,40.0,4606.01,40.0
1768465230932,4606.29,40.0,4605.99,40.0
1768465231022,4606.18,40.0,4605.88,40.0
1768465231297,4606.08,40.0,4605.78,40.0
1768465231405,4606.06,40.0,4605.76,40.0
1768465231554,4606.03,40.0,4605.73,40.0
1768465231831,4606.05,40.0,4605.75,40.0
1768465232020,4606.07,40.0,4605.77,40.0
1768465232246,4606.13,40.0,4605.83,40.0
1768465232918,4606.14,40.0,4605.84,40.0
1768465233423,4606.12,40.0,4605.82,40.0
1768465233916,4606.08,40.0,4605.78,40.0
1768465234427,4606.1,40.0,4605.8,40.0
1768465234833,4606.13,40.0,4605.83,40.0
1768465235038,4606.12,40.0,4605.82,40.0
1768465235156,4606.13,40.0,4605.83,40.0
1768465235287,4606.14,40.0,4605.84,40.0
1768465235735,4606.13,40.0,4605.83,40.0
1768465235909,4606.19,40.0,4605.89,40.0
1768465235947,4606.26,40.0,4605.96,40.0
1768465236568,4606.28,40.0,4605.98,40.0
1768465236599,4606.37,40.0,4606.07,40.0
1768465236995,4606.38,40.0,4606.08,40.0
1768465237249,4606.4,40.0,4606.1,40.0
1768465237735,4606.38,40.0,4606.08,40.0
1768465238030,4606.4,40.0,4606.1,40.0
1768465239129,4606.36,40.0,4606.06,40.0
1768465239242,4606.24,40.0,4605.94,40.0
1768465239548,4606.28,40.0,4605.98,40.0
1768465239877,4606.35,40.0,4606.05,40.0
1768465240387,4606.31,40.0,4606.01,40.0
1768465240509,4606.27,40.0,4605.97,40.0
1768465240634,4606.29,40.0,4605.99,40.0
1768465240796,4606.28,40.0,4605.98,40.0
1768465240909,4606.25,40.0,4605.95,40.0
1768465241151,4606.3,40.0,4606.0,40.0
1768465241317,4606.31,40.0,4606.01,40.0
1768465241764,4606.26,40.0,4605.96,40.0
1768465241893,4606.24,40.0,4605.94,40.0
1768465242095,4606.25,40.0,4605.95,40.0
1768465242642,4606.26,40.0,4605.96,40.0
1768465243550,4606.29,40.0,4605.99,40.0
1768465243726,4606.3,40.0,4606.0,40.0
1768465243882,4606.33,40.0,4606.03,40.0
1768465244014,4606.32,40.0,4606.02,40.0
1768465244141,4606.34,40.0,4606.04,40.0
1768465244749,4606.29,40.0,4605.99,40.0
1768465244853,4606.25,40.0,4605.95,40.0
1768465245040,4606.27,40.0,4605.97,40.0
1768465245859,4606.32,40.0,4606.02,40.0
1768465245908,4606.24,40.0,4605.94,40.0
1768465246237,4606.25,40.0,4605.95,40.0
1768465246549,4606.28,40.0,4605.98,40.0
1768465246652,4606.26,40.0,4605.96,40.0
1768465246795,4606.27,40.0,4605.97,40.0
1768465247082,4606.3,40.0,4606.0,40.0
1768465247349,4606.31,40.0,4606.01,40.0
1768465247580,4606.33,40.0,4606.03,40.0
1768465247691,4606.31,40.0,4606.01,40.0
1768465247899,4606.34,40.0,4606.04,40.0
1768465248401,4606.33,40.0,4606.03,40.0
1768465248531,4606.24,40.0,4605.94,40.0
1768465248615,4606.19,40.0,4605.89,40.0
1768465248760,4606.11,40.0,4605.81,40.0
1768465249069,4606.12,40.0,4605.82,40.0
1768465249402,4606.1,40.0,4605.8,40.0
1768465249512,4606.09,40.0,4605.79,40.0
1768465249705,4606.07,40.0,4605.77,40.0
1768465250015,4606.04,40.0,4605.74,40.0
1768465250228,4606.05,40.0,4605.75,40.0
1768465251102,4606.01,40.0,4605.71,40.0
1768465251252,4606.05,40.0,4605.75,40.0
1768465251469,4606.06,40.0,4605.76,40.0
1768465251607,4606.05,40.0,4605.75,40.0
1768465252003,4606.04,40.0,4605.74,40.0
1768465252195,4606.05,40.0,4605.75,40.0
1768465252331,4606.04,40.0,4605.74,40.0
1768465252454,4606.05,40.0,4605.75,40.0
1768465252580,4606.07,40.0,4605.77,40.0
1768465252696,4606.04,40.0,4605.74,40.0
1768465252797,4606.05,40.0,4605.75,40.0
1768465253159,4606.07,40.0,4605.77,40.0
1768465253752,4606.04,40.0,4605.74,40.0
1768465254004,4606.02,40.0,4605.72,40.0
1768465254119,4606.05,40.0,4605.75,40.0
1768465254384,4606.0,40.0,4605.7,40.0
1768465254505,4606.01,40.0,4605.71,40.0
1768465254734,4606.0,40.0,4605.7,40.0
1768465255016,4605.98,40.0,4605.68,40.0
1768465255757,4605.97,40.0,4605.67,40.0
1768465256079,4605.96,40.0,4605.66,40.0
1768465257063,4605.97,40.0,4605.67,40.0
1768465257095,4606.06,40.0,4605.76,40.0
1768465257535,4606.09,40.0,4605.79,40.0
1768465257786,4606.06,40.0,4605.76,40.0
1768465258085,4606.1,40.0,4605.8,40.0
1768465258338,4606.12,40.0,4605.82,40.0
1768465259041,4606.14,40.0,4605.84,40.0
1768465259288,4606.11,40.0,4605.81,40.0
1768465259574,4606.08,40.0,4605.78,40.0
1768465259624,4606.15,40.0,4605.85,40.0
1768465259836,4606.16,40.0,4605.86,40.0
1768465260087,4606.17,40.0,4605.87,40.0
1768465260188,4606.15,40.0,4605.85,40.0
1768465260238,4606.24,40.0,4605.94,40.0
1768465260352,4606.25,40.0,4605.95,40.0
1768465260702,4606.2,40.0,4605.9,40.0
1768465261066,4606.19,40.0,4605.89,40.0
1768465261101,4606.11,40.0,4605.81,40.0
1768465261149,4606.0,40.0,4605.7,40.0
1768465261153,4605.96,40.0,4605.66,40.0
1768465261154,4605.88,40.0,4605.58,40.0
1768465261157,4605.75,40.0,4605.45,40.0
1768465261161,4605.7,40.0,4605.4,40.0
1768465261163,4605.65,40.0,4605.35,40.0
1768465261165,4605.63,40.0,4605.33,40.0
1768465261169,4605.6,40.0,4605.3,40.0
1768465261188,4605.5,40.0,4605.2,40.0
1768465261232,4605.36,40.0,4605.06,40.0
1768465261237,4605.27,40.0,4604.97,40.0
1768465261238,4605.23,40.0,4604.93,40.0
1768465261242,4605.19,40.0,4604.89,40.0
1768465261248,4605.16,40.0,4604.86,40.0
1768465261253,4605.03,40.0,4604.73,40.0
1768465261263,4604.97,40.0,4604.67,40.0
1768465261267,4604.94,40.0,4604.64,40.0
1768465261284,4604.92,40.0,4604.62,40.0
1768465261409,4604.89,40.0,4604.59,40.0
1768465261470,4605.0,40.0,4604.7,40.0
1768465261475,4605.06,40.0,4604.76,40.0
1768465261482,4605.1,40.0,4604.8,40.0
1768465261550,4605.06,40.0,4604.76,40.0
1768465261607,4605.14,40.0,4604.84,40.0
1768465261646,4605.01,40.0,4604.71,40.0
1768465261744,4605.12,40.0,4604.82,40.0
1768465261857,4605.15,40.0,4604.85,40.0
1768465262126,4605.1,40.0,4604.8,40.0
1768465262198,4604.97,40.0,4604.67,40.0
1768465262757,4604.89,40.0,4604.59,40.0
1768465262868,4604.87,40.0,4604.57,40.0
1768465263024,4604.89,40.0,4604.59,40.0
1768465263127,4604.88,40.0,4604.58,40.0
1768465263659,4604.86,40.0,4604.56,40.0
1768465263799,4604.82,40.0,4604.52,40.0
1768465264018,4604.72,40.0,4604.42,40.0
1768465264196,4604.71,40.0,4604.41,40.0
1768465265059,4604.69,40.0,4604.39,40.0
1768465265884,4604.68,40.0,4604.38,40.0
1768465266446,4604.69,40.0,4604.39,40.0
1768465266456,4604.81,40.0,4604.51,40.0
1768465266653,4604.76,40.0,4604.46,40.0
1768465266755,4604.79,40.0,4604.49,40.0
1768465266943,4604.76,40.0,4604.46,40.0
1768465267067,4604.75,40.0,4604.45,40.0
1768465267216,4604.82,40.0,4604.52,40.0
1768465267220,4604.92,40.0,4604.62,40.0
1768465267374,4604.93,40.0,4604.63,40.0
1768465267501,4604.94,40.0,4604.64,40.0
1768465267505,4604.95,40.0,4604.65,40.0
1768465267519,4605.05,40.0,4604.75,40.0
1768465267685,4605.06,40.0,4604.76,40.0
1768465267724,4604.98,40.0,4604.68,40.0
1768465267983,4604.95,40.0,4604.65,40.0
1768465268259,4604.94,40.0,4604.64,40.0
1768465268586,4604.92,40.0,4604.62,40.0
1768465269235,4604.89,40.0,4604.59,40.0
1768465269422,4604.91,40.0,4604.61,40.0
1768465269813,4604.92,40.0,4604.62,40.0
1768465269932,4604.94,40.0,4604.64,40.0
1768465270181,4604.97,40.0,4604.67,40.0
1768465270602,4604.93,40.0,4604.63,40.0
1768465271117,4604.95,40.0,4604.65,40.0
1768465271442,4604.93,40.0,4604.63,40.0
1768465271713,4604.91,40.0,4604.61,40.0
1768465272115,4604.92,40.0,4604.62,40.0
1768465272466,4604.91,40.0,4604.61,40.0
1768465272858,4604.97,40.0,4604.67,40.0
1768465272897,4605.04,40.0,4604.74,40.0
1768465273024,4605.06,40.0,4604.76,40.0
1768465273072,4604.97,40.0,4604.67,40.0
1768465273217,4604.93,40.0,4604.63,40.0
1768465273439,4604.97,40.0,4604.67,40.0
1768465273449,4604.89,40.0,4604.59,40.0
1768465273459,4604.79,40.0,4604.49,40.0
1768465273718,4604.75,40.0,4604.45,40.0
1768465273825,4604.78,40.0,4604.48,40.0
1768465274277,4604.7,40.0,4604.4,40.0
1768465274469,4604.72,40.0,4604.42,40.0
1768465275596,4604.63,40.0,4604.33,40.0
1768465275765,4604.59,40.0,4604.29,40.0
1768465275815,4604.44,40.0,4604.14,40.0
1768465275818,4604.33,40.0,4604.03,40.0
1768465276053,4604.26,40.0,4603.96,40.0
1768465276089,4604.16,40.0,4603.86,40.0
1768465276305,4604.2,40.0,4603.9,40.0
1768465276551,4604.11,40.0,4603.81,40.0
1768465276557,4604.03,40.0,4603.73,40.0
1768465276568,4603.88,40.0,4603.58,40.0
1768465276570,4603.8,40.0,4603.5,40.0
1768465276574,4603.75,40.0,4603.45,40.0
1768465276576,4603.74,40.0,4603.44,40.0
1768465276577,4603.68,40.0,4603.38,40.0
1768465276585,4603.58,40.0,4603.28,40.0
1768465276586,4603.57,40.0,4603.27,40.0
1768465276587,4603.45,40.0,4603.15,40.0
1768465276588,4603.42,40.0,4603.12,40.0
1768465276591,4603.41,40.0,4603.11,40.0
1768465276615,4603.33,40.0,4603.03,40.0
1768465276717,4603.35,40.0,4603.05,40.0
1768465277032,4603.33,40.0,4603.03,40.0
1768465277071,4603.21,40.0,4602.91,40.0
1768465277086,4603.09,40.0,4602.79,40.0
1768465277112,4603.07,40.0,4602.77,40.0
1768465277116,4603.02,40.0,4602.72,40.0
1768465277117,4602.95,40.0,4602.65,40.0
1768465277118,4602.88,40.0,4602.58,40.0
1768465277160,4602.9,40.0,4602.6,40.0
1768465277164,4602.82,40.0,4602.52,40.0
1768465277405,4602.83,40.0,4602.53,40.0
1768465277533,4602.87,40.0,4602.57,40.0
1768465277913,4602.72,40.0,4602.42,40.0
1768465277917,4602.66,40.0,4602.36,40.0
1768465277921,4602.61,40.0,4602.31,40.0
1768465277951,4602.49,40.0,4602.19,40.0
1768465278071,4602.47,40.0,4602.17,40.0
1768465278201,4602.45,40.0,4602.15,40.0
1768465278350,4602.43,40.0,4602.13,40.0
1768465278454,4602.45,40.0,4602.15,40.0
1768465278712,4602.47,40.0,4602.17,40.0
1768465279004,4602.5,40.0,4602.2,40.0
1768465279150,4602.49,40.0,4602.19,40.0
1768465279671,4602.51,40.0,4602.21,40.0
1768465279901,4602.59,40.0,4602.29,40.0
1768465280006,4602.62,40.0,4602.32,40.0
1768465280184,4602.64,40.0,4602.34,40.0
1768465281254,4602.66,40.0,4602.36,40.0
1768465281754,4602.6,40.0,4602.3,40.0
1768465281924,4602.58,40.0,4602.28,40.0
1768465282603,4602.62,40.0,4602.32,40.0
1768465282959,4602.6,40.0,4602.3,40.0
1768465282984,4602.51,40.0,4602.21,40.0
1768465283223,4602.49,40.0,4602.19,40.0
1768465283387,4602.42,40.0,4602.12,40.0
1768465283742,4602.39,40.0,4602.09,40.0
1768465284001,4602.36,40.0,4602.06,40.0
1768465284224,4602.33,40.0,4602.03,40.0
1768465284520,4602.31,40.0,4602.01,40.0
1768465284752,4602.3,40.0,4602.0,40.0
1768465285007,4602.28,40.0,4601.98,40.0
1768465285111,4602.3,40.0,4602.0,40.0
1768465285366,4602.27,40.0,4601.97,40.0
1768465285613,4602.24,40.0,4601.94,40.0
1768465285715,4602.23,40.0,4601.93,40.0
1768465285964,4602.22,40.0,4601.92,40.0
1768465286238,4602.17,40.0,4601.87,40.0
1768465286370,4602.15,40.0,4601.85,40.0
1768465286832,4602.16,40.0,4601.86,40.0
1768465287143,4602.15,40.0,4601.85,40.0
1768465288002,4602.13,40.0,4601.83,40.0
1768465288111,4602.19,40.0,4601.89,40.0
1768465288370,4602.22,40.0,4601.92,40.0
1768465288432,4602.15,40.0,4601.85,40.0
1768465288754,4602.14,40.0,4601.84,40.0
1768465289001,4602.18,40.0,4601.88,40.0
1768465289368,4602.21,40.0,4601.91,40.0
1768465289930,4602.36,40.0,4602.06,40.0
1768465289936,4602.39,40.0,4602.09,40.0
1768465289939,4602.41,40.0,4602.11,40.0
1768465289943,4602.42,40.0,4602.12,40.0
1768465289958,4602.54,40.0,4602.24,40.0
1768465290077,4602.56,40.0,4602.26,40.0
1768465290183,4602.55,40.0,4602.25,40.0
1768465290465,4602.58,40.0,4602.28,40.0
1768465290818,4602.6,40.0,4602.3,40.0
1768465290963,4602.59,40.0,4602.29,40.0
1768465291212,4602.58,40.0,4602.28,40.0
1768465291464,4602.61,40.0,4602.31,40.0
1768465291921,4602.63,40.0,4602.33,40.0
1768465292182,4602.67,40.0,4602.37,40.0
1768465292431,4602.7,40.0,4602.4,40.0
1768465292532,4602.76,40.0,4602.46,40.0
1768465292622,4602.87,40.0,4602.57,40.0
1768465292802,4602.88,40.0,4602.58,40.0
1768465293172,4602.91,40.0,4602.61,40.0
1768465293443,4602.97,40.0,4602.67,40.0
1768465293870,4602.95,40.0,4602.65,40.0
1768465294520,4602.96,40.0,4602.66,40.0
1768465294779,4603.03,40.0,4602.73,40.0
1768465294939,4603.02,40.0,4602.72,40.0
1768465295041,4603.07,40.0,4602.77,40.0
1768465295058,4602.97,40.0,4602.67,40.0
1768465295065,4602.96,40.0,4602.66,40.0
1768465295068,4602.94,40.0,4602.64,40.0
1768465295132,4602.83,40.0,4602.53,40.0
1768465295244,4602.85,40.0,4602.55,40.0
1768465295283,4602.76,40.0,4602.46,40.0
1768465295354,4602.73,40.0,4602.43,40.0
1768465295602,4602.76,40.0,4602.46,40.0
1768465295753,4602.78,40.0,4602.48,40.0
1768465296154,4602.76,40.0,4602.46,40.0
1768465296413,4602.78,40.0,4602.48,40.0
1768465296933,4602.79,40.0,4602.49,40.0
1768465297187,4602.78,40.0,4602.48,40.0
1768465297366,4602.77,40.0,4602.47,40.0
1768465297689,4602.76,40.0,4602.46,40.0
1768465297994,4602.73,40.0,4602.43,40.0
1768465298272,4602.75,40.0,4602.45,40.0
1768465298513,4602.8,40.0,4602.5,40.0
1768465298685,4602.77,40.0,4602.47,40.0
1768465298952,4602.84,40.0,4602.54,40.0
1768465299247,4602.8,40.0,4602.5,40.0
1768465299570,4602.78,40.0,4602.48,40.0
1768465299790,4602.77,40.0,4602.47,40.0
1768465299940,4602.75,40.0,4602.45,40.0
1768465300080,4602.74,40.0,4602.44,40.0
1768465300329,4602.71,40.0,4602.41,40.0
1768465300470,4602.77,40.0,4602.47,40.0
1768465300578,4602.83,40.0,4602.53,40.0
1768465300778,4602.85,40.0,4602.55,40.0
1768465301144,4602.87,40.0,4602.57,40.0
1768465301597,4602.85,40.0,4602.55,40.0
1768465301718,4602.81,40.0,4602.51,40.0
1768465301922,4602.8,40.0,4602.5,40.0
1768465302016,4602.72,40.0,4602.42,40.0
1768465302137,4602.76,40.0,4602.46,40.0
1768465302450,4602.79,40.0,4602.49,40.0
1768465302703,4602.81,40.0,4602.51,40.0
1768465303324,4602.8,40.0,4602.5,40.0
1768465303575,4602.78,40.0,4602.48,40.0
1768465303685,4602.77,40.0,4602.47,40.0
1768465303838,4602.74,40.0,4602.44,40.0
1768465304104,4602.78,40.0,4602.48,40.0
1768465304432,4602.71,40.0,4602.41,40.0
1768465304533,4602.7,40.0,4602.4,40.0
1768465304840,4602.68,40.0,4602.38,40.0
1768465304971,4602.7,40.0,4602.4,40.0
1768465304988,4602.81,40.0,4602.51,40.0
1768465304998,4602.87,40.0,4602.57,40.0
1768465305005,4602.96,40.0,4602.66,40.0
1768465305006,4602.97,40.0,4602.67,40.0
1768465305008,4603.1,40.0,4602.8,40.0
1768465305011,4603.14,40.0,4602.84,40.0
1768465305012,4603.18,40.0,4602.88,40.0
1768465305012,4603.22,40.0,4602.92,40.0
1768465305017,4603.34,40.0,4603.04,40.0
1768465305196,4603.32,40.0,4603.02,40.0
1768465305314,4603.3,40.0,4603.0,40.0
1768465305461,4603.29,40.0,4602.99,40.0
1768465305708,4603.3,40.0,4603.0,40.0
1768465306427,4603.31,40.0,4603.01,40.0
1768465306499,4603.42,40.0,4603.12,40.0
1768465306725,4603.43,40.0,4603.13,40.0
1768465306976,4603.57,40.0,4603.27,40.0
1768465307245,4603.6,40.0,4603.3,40.0
1768465307356,4603.58,40.0,4603.28,40.0
1768465307536,4603.67,40.0,4603.37,40.0
1768465307622,4603.75,40.0,4603.45,40.0
1768465307734,4603.71,40.0,4603.41,40.0
1768465307999,4603.62,40.0,4603.32,40.0
1768465308137,4603.56,40.0,4603.26,40.0
1768465308243,4603.57,40.0,4603.27,40.0
1768465308399,4603.53,40.0,4603.23,40.0
1768465308501,4603.52,40.0,4603.22,40.0
1768465308590,4603.59,40.0,4603.29,40.0
1768465308621,4603.65,40.0,4603.35,40.0
1768465308757,4603.71,40.0,4603.41,40.0
1768465308876,4603.68,40.0,4603.38,40.0
1768465309503,4603.69,40.0,4603.39,40.0
1768465309627,4603.71,40.0,4603.41,40.0
1768465310208,4603.74,40.0,4603.44,40.0
1768465310460,4603.72,40.0,4603.42,40.0
1768465311371,4603.71,40.0,4603.41,40.0
1768465311662,4603.7,40.0,4603.4,40.0
1768465312501,4603.71,40.0,4603.41,40.0
1768465312594,4603.81,40.0,4603.51,40.0
1768465312603,4603.87,40.0,4603.57,40.0
1768465312605,4603.89,40.0,4603.59,40.0
1768465312614,4603.91,40.0,4603.61,40.0
1768465312846,4603.93,40.0,4603.63,40.0
1768465313036,4603.92,40.0,4603.62,40.0
1768465313582,4603.9,40.0,4603.6,40.0
1768465313850,4603.92,40.0,4603.62,40.0
1768465313862,4604.01,40.0,4603.71,40.0
1768465313880,4604.09,40.0,4603.79,40.0
1768465313984,4604.08,40.0,4603.78,40.0
1768465314517,4604.13,40.0,4603.83,40.0
1768465314777,4604.12,40.0,4603.82,40.0
1768465314883,4604.14,40.0,4603.84,40.0
1768465315121,4604.15,40.0,4603.85,40.0
1768465315817,4604.14,40.0,4603.84,40.0
1768465315984,4604.1,40.0,4603.8,40.0
1768465316222,4604.07,40.0,4603.77,40.0
1768465316440,4604.05,40.0,4603.75,40.0
1768465316564,4604.04,40.0,4603.74,40.0
1768465316703,4604.13,40.0,4603.83,40.0
1768465316761,4604.19,40.0,4603.89,40.0
1768465316952,4604.12,40.0,4603.82,40.0
1768465317170,4604.19,40.0,4603.89,40.0
1768465317401,4604.09,40.0,4603.79,40.0
1768465317498,4604.18,40.0,4603.88,40.0
1768465317641,4604.23,40.0,4603.93,40.0
1768465317834,4604.26,40.0,4603.96,40.0
1768465318183,4604.28,40.0,4603.98,40.0
1768465318439,4604.2,40.0,4603.9,40.0
1768465318568,4604.16,40.0,4603.86,40.0
1768465318760,4604.15,40.0,4603.85,40.0
1768465319250,4604.14,40.0,4603.84,40.0
1768465319399,4604.09,40.0,4603.79,40.0
1768465319893,4604.1,40.0,4603.8,40.0
1768465319902,4604.02,40.0,4603.72,40.0
1768465319983,4603.85,40.0,4603.55,40.0
1768465319989,4603.84,40.0,4603.54,40.0
1768465319993,4603.81,40.0,4603.51,40.0
1768465320002,4603.79,40.0,4603.49,40.0
1768465320007,4603.67,40.0,4603.37,40.0
1768465320132,4603.69,40.0,4603.39,40.0
1768465320247,4603.72,40.0,4603.42,40.0
1768465320251,4603.64,40.0,4603.34,40.0
1768465320333,4603.47,40.0,4603.17,40.0
1768465320484,4603.48,40.0,4603.18,40.0
1768465320612,4603.61,40.0,4603.31,40.0
1768465320617,4603.59,40.0,4603.29,40.0
1768465320627,4603.5,40.0,4603.2,40.0
1768465320729,4603.41,40.0,4603.11,40.0
1768465320981,4603.4,40.0,4603.1,40.0
1768465321142,4603.36,40.0,4603.06,40.0
1768465321453,4603.28,40.0,4602.98,40.0
1768465321577,4603.21,40.0,4602.91,40.0
1768465321906,4603.19,40.0,4602.89,40.0
1768465322103,4603.28,40.0,4602.98,40.0
1768465322213,4603.26,40.0,4602.96,40.0
1768465322513,4603.25,40.0,4602.95,40.0
1768465322618,4603.31,40.0,4603.01,40.0
1768465323157,4603.29,40.0,4602.99,40.0
1768465323423,4603.26,40.0,4602.96,40.0
1768465323677,4603.21,40.0,4602.91,40.0
1768465323796,4603.16,40.0,4602.86,40.0
1768465324123,4603.22,40.0,4602.92,40.0
1768465324232,4603.24,40.0,4602.94,40.0
1768465324416,4603.19,40.0,4602.89,40.0
1768465324533,4603.14,40.0,4602.84,40.0
1768465324665,4603.15,40.0,4602.85,40.0
1768465324772,4603.21,40.0,4602.91,40.0
1768465324913,4603.22,40.0,4602.92,40.0
1768465325142,4603.21,40.0,4602.91,40.0
1768465325529,4603.22,40.0,4602.92,40.0
1768465325669,4603.17,40.0,4602.87,40.0
1768465326305,4603.16,40.0,4602.86,40.0
1768465327541,4603.15,40.0,4602.85,40.0
1768465328163,4603.16,40.0,4602.86,40.0
1768465328644,4603.19,40.0,4602.89,40.0
1768465328650,4603.25,40.0,4602.95,40.0
1768465328653,4603.29,40.0,4602.99,40.0
1768465328654,4603.32,40.0,4603.02,40.0
1768465328661,4603.45,40.0,4603.15,40.0
1768465328665,4603.55,40.0,4603.25,40.0
1768465328666,4603.6,40.0,4603.3,40.0
1768465328668,4603.56,40.0,4603.26,40.0
1768465328670,4603.68,40.0,4603.38,40.0
1768465328776,4603.65,40.0,4603.35,40.0
1768465328921,4603.69,40.0,4603.39,40.0
1768465329066,4603.63,40.0,4603.33,40.0
1768465329144,4603.72,40.0,4603.42,40.0
1768465329350,4603.71,40.0,4603.41,40.0
1768465329385,4603.63,40.0,4603.33,40.0
1768465329551,4603.62,40.0,4603.32,40.0
1768465330731,4603.64,40.0,4603.34,40.0
1768465330843,4603.65,40.0,4603.35,40.0
1768465331014,4603.7,40.0,4603.4,40.0
1768465333958,4603.75,40.0,4603.45,40.0
1768465334273,4603.73,40.0,4603.43,40.0
1768465335711,4603.72,40.0,4603.42,40.0
1768465335834,4603.71,40.0,4603.41,40.0
1768465336812,4603.7,40.0,4603.4,40.0
1768465336858,4603.63,40.0,4603.33,40.0
1768465336942,4603.55,40.0,4603.25,40.0
1768465337084,4603.62,40.0,4603.32,40.0
1768465337713,4603.61,40.0,4603.31,40.0
1768465338060,4603.62,40.0,4603.32,40.0
1768465338434,4603.63,40.0,4603.33,40.0
1768465338502,4603.73,40.0,4603.43,40.0
1768465338694,4603.77,40.0,4603.47,40.0
1768465339275,4603.76,40.0,4603.46,40.0
1768465339535,4603.74,40.0,4603.44,40.0
1768465339868,4603.75,40.0,4603.45,40.0
1768465340121,4603.72,40.0,4603.42,40.0
1768465340152,4603.65,40.0,4603.35,40.0
1768465340378,4603.63,40.0,4603.33,40.0
1768465341340,4603.64,40.0,4603.34,40.0
1768465341358,4603.52,40.0,4603.22,40.0
1768465341502,4603.49,40.0,4603.19,40.0
1768465341509,4603.57,40.0,4603.27,40.0
1768465341524,4603.73,40.0,4603.43,40.0
1768465341858,4603.74,40.0,4603.44,40.0
1768465342985,4603.75,40.0,4603.45,40.0
1768465343227,4603.73,40.0,4603.43,40.0
1768465343246,4603.62,40.0,4603.32,40.0
1768465343318,4603.69,40.0,4603.39,40.0
1768465343486,4603.72,40.0,4603.42,40.0
1768465343604,4603.74,40.0,4603.44,40.0
1768465344079,4603.75,40.0,4603.45,40.0
1768465344340,4603.71,40.0,4603.41,40.0
1768465344464,4603.68,40.0,4603.38,40.0
1768465347105,4603.67,40.0,4603.37,40.0
1768465347115,4603.59,40.0,4603.29,40.0
1768465347365,4603.54,40.0,4603.24,40.0
1768465347576,4603.55,40.0,4603.25,40.0
1768465347601,4603.64,40.0,4603.34,40.0
1768465347804,4603.54,40.0,4603.24,40.0
1768465347814,4603.48,40.0,4603.18,40.0
1768465347882,4603.36,40.0,4603.06,40.0
1768465348027,4603.33,40.0,4603.03,40.0
1768465348306,4603.36,40.0,4603.06,40.0
1768465348556,4603.43,40.0,4603.13,40.0
1768465348620,4603.5,40.0,4603.2,40.0
1768465348733,4603.44,40.0,4603.14,40.0
1768465348883,4603.43,40.0,4603.13,40.0
1768465349088,4603.42,40.0,4603.12,40.0
1768465349422,4603.51,40.0,4603.21,40.0
1768465349637,4603.52,40.0,4603.22,40.0
1768465349805,4603.5,40.0,4603.2,40.0
1768465349897,4603.57,40.0,4603.27,40.0
1768465349998,4603.64,40.0,4603.34,40.0
1768465350147,4603.67,40.0,4603.37,40.0
1768465350289,4603.71,40.0,4603.41,40.0
1768465350506,4603.7,40.0,4603.4,40.0
1768465350691,4603.63,40.0,4603.33,40.0
1768465350890,4603.61,40.0,4603.31,40.0
1768465351138,4603.57,40.0,4603.27,40.0
1768465351386,4603.6,40.0,4603.3,40.0
1768465351478,4603.69,40.0,4603.39,40.0
1768465351960,4603.68,40.0,4603.38,40.0
1768465352230,4603.66,40.0,4603.36,40.0
1768465352482,4603.65,40.0,4603.35,40.0
1768465352726,4603.66,40.0,4603.36,40.0
1768465353027,4603.64,40.0,4603.34,40.0
1768465353146,4603.73,40.0,4603.43,40.0
1768465353153,4603.75,40.0,4603.45,40.0
1768465353155,4603.78,40.0,4603.48,40.0
1768465353168,4603.87,40.0,4603.57,40.0
1768465353418,4603.93,40.0,4603.63,40.0
1768465353475,4604.01,40.0,4603.71,40.0
1768465353849,4604.02,40.0,4603.72,40.0
1768465353865,4603.85,40.0,4603.55,40.0
1768465353873,4603.75,40.0,4603.45,40.0
1768465353884,4603.63,40.0,4603.33,40.0
1768465353887,4603.74,40.0,4603.44,40.0
1768465353903,4603.68,40.0,4603.38,40.0
1768465353914,4603.62,40.0,4603.32,40.0
1768465354121,4603.53,40.0,4603.23,40.0
1768465354179,4603.42,40.0,4603.12,40.0
1768465354280,4603.35,40.0,4603.05,40.0
1768465354410,4603.34,40.0,4603.04,40.0
1768465354927,4603.31,40.0,4603.01,40.0
1768465355317,4603.34,40.0,4603.04,40.0
1768465355327,4603.44,40.0,4603.14,40.0
1768465355351,4603.53,40.0,4603.23,40.0
1768465355394,4603.65,40.0,4603.35,40.0
1768465355400,4603.69,40.0,4603.39,40.0
1768465355467,4603.67,40.0,4603.37,40.0
1768465355599,4603.73,40.0,4603.43,40.0
1768465355864,4603.7,40.0,4603.4,40.0
1768465356101,4603.69,40.0,4603.39,40.0
1768465356126,4603.58,40.0,4603.28,40.0
1768465356316,4603.57,40.0,4603.27,40.0
1768465356485,4603.56,40.0,4603.26,40.0
1768465356538,4603.66,40.0,4603.36,40.0
1768465356553,4603.7,40.0,4603.4,40.0
1768465356557,4603.73,40.0,4603.43,40.0
1768465356572,4603.75,40.0,4603.45,40.0
1768465356609,4603.85,40.0,4603.55,40.0
1768465356729,4603.84,40.0,4603.54,40.0
1768465356769,4603.76,40.0,4603.46,40.0
1768465357052,4603.72,40.0,4603.42,40.0
1768465357361,4603.78,40.0,4603.48,40.0
1768465357471,4603.81,40.0,4603.51,40.0
1768465358108,4603.8,40.0,4603.5,40.0
1768465358631,4603.78,40.0,4603.48,40.0
1768465358942,4603.76,40.0,4603.46,40.0
1768465359200,4603.72,40.0,4603.42,40.0
1768465359338,4603.66,40.0,4603.36,40.0
1768465359675,4603.65,40.0,4603.35,40.0
1768465359958,4603.7,40.0,4603.4,40.0
1768465360151,4603.75,40.0,4603.45,40.0
1768465361788,4603.74,40.0,4603.44,40.0
1768465361822,4603.67,40.0,4603.37,40.0
1768465362172,4603.61,40.0,4603.31,40.0
1768465362452,4603.62,40.0,4603.32,40.0
1768465362664,4603.57,40.0,4603.27,40.0
1768465362798,4603.55,40.0,4603.25,40.0
1768465363070,4603.57,40.0,4603.27,40.0
1768465363521,4603.55,40.0,4603.25,40.0
1768465363559,4603.45,40.0,4603.15,40.0
1768465363809,4603.43,40.0,4603.13,40.0
1768465364036,4603.47,40.0,4603.17,40.0
1768465364671,4603.46,40.0,4603.16,40.0
1768465365903,4603.43,40.0,4603.13,40.0
1768465366138,4603.38,40.0,4603.08,40.0
1768465366147,4603.3,40.0,4603.0,40.0
1768465366170,4603.23,40.0,4602.93,40.0
1768465366178,4603.14,40.0,4602.84,40.0
1768465366302,4603.12,40.0,4602.82,40.0
1768465367277,4603.14,40.0,4602.84,40.0
1768465368702,4603.2,40.0,4602.9,40.0
1768465368996,4603.18,40.0,4602.88,40.0
1768465369706,4603.22,40.0,4602.92,40.0
1768465369942,4603.28,40.0,4602.98,40.0
1768465370685,4603.31,40.0,4603.01,40.0
1768465370801,4603.25,40.0,4602.95,40.0
1768465370943,4603.26,40.0,4602.96,40.0
1768465371737,4603.25,40.0,4602.95,40.0
1768465372153,4603.2,40.0,4602.9,40.0
1768465372695,4603.24,40.0,4602.94,40.0
1768465372804,4603.2,40.0,4602.9,40.0
1768465372824,4603.12,40.0,4602.82,40.0
1768465374487,4603.14,40.0,4602.84,40.0
1768465374504,4603.22,40.0,4602.92,40.0
1768465374578,4603.28,40.0,4602.98,40.0
1768465374722,4603.26,40.0,4602.96,40.0
1768465375250,4603.29,40.0,4602.99,40.0
1768465375446,4603.28,40.0,4602.98,40.0
1768465376161,4603.26,40.0,4602.96,40.0
1768465376801,4603.22,40.0,4602.92,40.0
1768465376891,4603.32,40.0,4603.02,40.0
1768465376895,4603.38,40.0,4603.08,40.0
1768465376900,4603.43,40.0,4603.13,40.0
1768465376903,4603.53,40.0,4603.23,40.0
1768465376908,4603.57,40.0,4603.27,40.0
1768465376920,4603.64,40.0,4603.34,40.0
1768465377043,4603.63,40.0,4603.33,40.0
1768465377301,4603.58,40.0,4603.28,40.0
1768465377549,4603.53,40.0,4603.23,40.0
1768465378090,4603.54,40.0,4603.24,40.0
1768465378369,4603.51,40.0,4603.21,40.0
1768465378527,4603.56,40.0,4603.26,40.0
1768465378718,4603.59,40.0,4603.29,40.0
1768465379265,4603.61,40.0,4603.31,40.0
1768465379342,4603.69,40.0,4603.39,40.0
1768465380154,4603.66,40.0,4603.36,40.0
1768465380302,4603.71,40.0,4603.41,40.0
1768465380645,4603.79,40.0,4603.49,40.0
1768465380670,4603.65,40.0,4603.35,40.0
1768465380672,4603.59,40.0,4603.29,40.0
1768465380675,4603.55,40.0,4603.25,40.0
1768465380692,4603.46,40.0,4603.16,40.0
1768465380932,4603.44,40.0,4603.14,40.0
1768465381483,4603.43,40.0,4603.13,40.0
1768465381755,4603.47,40.0,4603.17,40.0
1768465382021,4603.44,40.0,4603.14,40.0
1768465382166,4603.4,40.0,4603.1,40.0
1768465382176,4603.34,40.0,4603.04,40.0
1768465382179,4603.24,40.0,4602.94,40.0
1768465382180,4603.2,40.0,4602.9,40.0
1768465382219,4603.17,40.0,4602.87,40.0
1768465382329,4603.13,40.0,4602.83,40.0
1768465382580,4603.14,40.0,4602.84,40.0
1768465383041,4603.18,40.0,4602.88,40.0
1768465383051,4603.31,40.0,4603.01,40.0
1768465383194,4603.22,40.0,4602.92,40.0
1768465383331,4603.21,40.0,4602.91,40.0
1768465383910,4603.28,40.0,4602.98,40.0
1768465383944,4603.31,40.0,4603.01,40.0
1768465384090,4603.33,40.0,4603.03,40.0
1768465384220,4603.36,40.0,4603.06,40.0
1768465384343,4603.38,40.0,4603.08,40.0
1768465384467,4603.44,40.0,4603.14,40.0
1768465384569,4603.48,40.0,4603.18,40.0
1768465384577,4603.53,40.0,4603.23,40.0
1768465384716,4603.52,40.0,4603.22,40.0
1768465384893,4603.53,40.0,4603.23,40.0
1768465385159,4603.52,40.0,4603.22,40.0
1768465385382,4603.47,40.0,4603.17,40.0
1768465385955,4603.46,40.0,4603.16,40.0
1768465386321,4603.47,40.0,4603.17,40.0
1768465386650,4603.51,40.0,4603.21,40.0
1768465386864,4603.49,40.0,4603.19,40.0
1768465386967,4603.5,40.0,4603.2,40.0
1768465387059,4603.66,40.0,4603.36,40.0
1768465387063,4603.7,40.0,4603.4,40.0
1768465387067,4603.73,40.0,4603.43,40.0
1768465387071,4603.83,40.0,4603.53,40.0
1768465387079,4603.86,40.0,4603.56,40.0
1768465387133,4603.87,40.0,4603.57,40.0
1768465387143,4603.89,40.0,4603.59,40.0
1768465387161,4603.9,40.0,4603.6,40.0
1768465387172,4603.91,40.0,4603.61,40.0
1768465387173,4603.93,40.0,4603.63,40.0
1768465387346,4603.84,40.0,4603.54,40.0
1768465387359,4603.78,40.0,4603.48,40.0
1768465387649,4603.7,40.0,4603.4,40.0
1768465387913,4603.67,40.0,4603.37,40.0
1768465387988,4603.75,40.0,4603.45,40.0
1768465388126,4603.77,40.0,4603.47,40.0
1768465388334,4603.79,40.0,4603.49,40.0
1768465388338,4603.86,40.0,4603.56,40.0
1768465388345,4603.92,40.0,4603.62,40.0
1768465388366,4603.95,40.0,4603.65,40.0
1768465388424,4604.02,40.0,4603.72,40.0
1768465388691,4604.0,40.0,4603.7,40.0
1768465388892,4604.01,40.0,4603.71,40.0
1768465389174,4604.0,40.0,4603.7,40.0
1768465389514,4603.98,40.0,4603.68,40.0
1768465389801,4603.92,40.0,4603.62,40.0
1768465389923,4603.91,40.0,4603.61,40.0
1768465389942,4603.84,40.0,4603.54,40.0
1768465389960,4603.94,40.0,4603.64,40.0
1768465390112,4603.9,40.0,4603.6,40.0
1768465390398,4603.8,40.0,4603.5,40.0
1768465390405,4603.69,40.0,4603.39,40.0
1768465390411,4603.62,40.0,4603.32,40.0
1768465390553,4603.6,40.0,4603.3,40.0
1768465390682,4603.61,40.0,4603.31,40.0
1768465391520,4603.63,40.0,4603.33,40.0
1768465391780,4603.69,40.0,4603.39,40.0
1768465391886,4603.65,40.0,4603.35,40.0
1768465392026,4603.61,40.0,4603.31,40.0
1768465392088,4603.68,40.0,4603.38,40.0
1768465392185,4603.71,40.0,4603.41,40.0
1768465392188,4603.73,40.0,4603.43,40.0
1768465392277,4603.81,40.0,4603.51,40.0
1768465392436,4603.84,40.0,4603.54,40.0
1768465392669,4603.83,40.0,4603.53,40.0
1768465392781,4603.79,40.0,4603.49,40.0
1768465392959,4603.77,40.0,4603.47,40.0
1768465392985,4603.68,40.0,4603.38,40.0
1768465393276,4603.69,40.0,4603.39,40.0
1768465393395,4603.66,40.0,4603.36,40.0
1768465393662,4603.65,40.0,4603.35,40.0
1768465393778,4603.68,40.0,4603.38,40.0
1768465394029,4603.66,40.0,4603.36,40.0
1768465394148,4603.71,40.0,4603.41,40.0
1768465394192,4603.77,40.0,4603.47,40.0
1768465394302,4603.84,40.0,4603.54,40.0
1768465394310,4603.93,40.0,4603.63,40.0
1768465394599,4604.01,40.0,4603.71,40.0
1768465394785,4604.02,40.0,4603.72,40.0
1768465395027,4603.99,40.0,4603.69,40.0
1768465395197,4604.0,40.0,4603.7,40.0
1768465395459,4604.03,40.0,4603.73,40.0
1768465396995,4603.98,40.0,4603.68,40.0
1768465397166,4603.95,40.0,4603.65,40.0
1768465397314,4603.98,40.0,4603.68,40.0
1768465397525,4603.97,40.0,4603.67,40.0
1768465398081,4603.94,40.0,4603.64,40.0
1768465399045,4604.0,40.0,4603.7,40.0
1768465400024,4603.96,40.0,4603.66,40.0
1768465400488,4603.98,40.0,4603.68,40.0
1768465401403,4603.97,40.0,4603.67,40.0
1768465401416,4603.8,40.0,4603.5,40.0
1768465401425,4603.9,40.0,4603.6,40.0
1768465401680,4603.85,40.0,4603.55,40.0
1768465402152,4603.86,40.0,4603.56,40.0
1768465402419,4603.85,40.0,4603.55,40.0
1768465403067,4603.84,40.0,4603.54,40.0
1768465403325,4603.85,40.0,4603.55,40.0
1768465405120,4603.84,40.0,4603.54,40.0
1768465406203,4603.87,40.0,4603.57,40.0
1768465406210,4603.93,40.0,4603.63,40.0
1768465406353,4603.97,40.0,4603.67,40.0
1768465406460,4603.98,40.0,4603.68,40.0
1768465406688,4604.01,40.0,4603.71,40.0
1768465407726,4604.0,40.0,4603.7,40.0
1768465409661,4604.01,40.0,4603.71,40.0
1768465410414,4603.97,40.0,4603.67,40.0
1768465410730,4603.94,40.0,4603.64,40.0
1768465410959,4603.95,40.0,4603.65,40.0
1768465411589,4603.94,40.0,4603.64,40.0
1768465412022,4603.99,40.0,4603.69,40.0
1768465412320,4604.09,40.0,4603.79,40.0
1768465412490,4604.06,40.0,4603.76,40.0
1768465412601,4604.05,40.0,4603.75,40.0
1768465412850,4604.03,40.0,4603.73,40.0
1768465413374,4604.01,40.0,4603.71,40.0
1768465413608,4604.0,40.0,4603.7,40.0
1768465413853,4604.01,40.0,4603.71,40.0
1768465414079,4604.0,40.0,4603.7,40.0
1768465414212,4603.98,40.0,4603.68,40.0
1768465414322,4603.97,40.0,4603.67,40.0
1768465414438,4603.94,40.0,4603.64,40.0
1768465414552,4603.88,40.0,4603.58,40.0
1768465414752,4603.85,40.0,4603.55,40.0
1768465414767,4603.66,40.0,4603.36,40.0
1768465414783,4603.64,40.0,4603.34,40.0
1768465414887,4603.58,40.0,4603.28,40.0
1768465416438,4603.59,40.0,4603.29,40.0
1768465416699,4603.58,40.0,4603.28,40.0
1768465416949,4603.59,40.0,4603.29,40.0
1768465417897,4603.61,40.0,4603.31,40.0
1768465418160,4603.62,40.0,4603.32,40.0
1768465418415,4603.59,40.0,4603.29,40.0
1768465419080,4603.6,40.0,4603.3,40.0
1768465419158,4603.67,40.0,4603.37,40.0
1768465419365,4603.69,40.0,4603.39,40.0
1768465419604,4603.7,40.0,4603.4,40.0
1768465420127,4603.72,40.0,4603.42,40.0
1768465420754,4603.79,40.0,4603.49,40.0
1768465421001,4603.77,40.0,4603.47,40.0
1768465421258,4603.78,40.0,4603.48,40.0
1768465421341,4603.7,40.0,4603.4,40.0
1768465421347,4603.6,40.0,4603.3,40.0
1768465421464,4603.63,40.0,4603.33,40.0
1768465421632,4603.66,40.0,4603.36,40.0
1768465422142,4603.64,40.0,4603.34,40.0
1768465422246,4603.66,40.0,4603.36,40.0
1768465422539,4603.64,40.0,4603.34,40.0
1768465423338,4603.58,40.0,4603.28,40.0
1768465423599,4603.56,40.0,4603.26,40.0
1768465424008,4603.55,40.0,4603.25,40.0
1768465424409,4603.57,40.0,4603.27,40.0
1768465424893,4603.59,40.0,4603.29,40.0
1768465425705,4603.58,40.0,4603.28,40.0
1768465426423,4603.6,40.0,4603.3,40.0
1768465427354,4603.62,40.0,4603.32,40.0
1768465427639,4603.61,40.0,4603.31,40.0
1768465427865,4603.74,40.0,4603.44,40.0
1768465428125,4603.77,40.0,4603.47,40.0
1768465428376,4603.79,40.0,4603.49,40.0
1768465428930,4603.8,40.0,4603.5,40.0
1768465429058,4603.73,40.0,4603.43,40.0
1768465429309,4603.74,40.0,4603.44,40.0
1768465429626,4603.72,40.0,4603.42,40.0
1768465430077,4603.76,40.0,4603.46,40.0
1768465430338,4603.74,40.0,4603.44,40.0
1768465430521,4603.72,40.0,4603.42,40.0
1768465430632,4603.69,40.0,4603.39,40.0
1768465431572,4603.7,40.0,4603.4,40.0
1768465432294,4603.71,40.0,4603.41,40.0
1768465432304,4603.81,40.0,4603.51,40.0
1768465432324,4603.84,40.0,4603.54,40.0
1768465432338,4603.88,40.0,4603.58,40.0
1768465432341,4603.97,40.0,4603.67,40.0
1768465432567,4603.93,40.0,4603.63,40.0
1768465433038,4603.9,40.0,4603.6,40.0
1768465433073,4603.85,40.0,4603.55,40.0
1768465433360,4603.79,40.0,4603.49,40.0
1768465433501,4603.8,40.0,4603.5,40.0
1768465433539,4603.88,40.0,4603.58,40.0
1768465433812,4603.98,40.0,4603.68,40.0
1768465434106,4604.0,40.0,4603.7,40.0
1768465434139,4603.87,40.0,4603.57,40.0
1768465434330,4603.82,40.0,4603.52,40.0
1768465434339,4603.8,40.0,4603.5,40.0
1768465434421,4603.73,40.0,4603.43,40.0
1768465434717,4603.86,40.0,4603.56,40.0
1768465434859,4603.91,40.0,4603.61,40.0
1768465435257,4603.87,40.0,4603.57,40.0
1768465435516,4603.86,40.0,4603.56,40.0
1768465435758,4603.85,40.0,4603.55,40.0
1768465436007,4603.88,40.0,4603.58,40.0
1768465436057,4603.96,40.0,4603.66,40.0
1768465436508,4603.97,40.0,4603.67,40.0
1768465436885,4603.96,40.0,4603.66,40.0
1768465437008,4603.93,40.0,4603.63,40.0
1768465437310,4603.94,40.0,4603.64,40.0
1768465438532,4603.96,40.0,4603.66,40.0
1768465438889,4604.07,40.0,4603.77,40.0
1768465439099,4604.02,40.0,4603.72,40.0
1768465439694,4604.0,40.0,4603.7,40.0
1768465440171,4603.98,40.0,4603.68,40.0
1768465440535,4604.0,40.0,4603.7,40.0
1768465440695,4603.99,40.0,4603.69,40.0
1768465441129,4604.0,40.0,4603.7,40.0
1768465441920,4604.04,40.0,4603.74,40.0
1768465442022,4603.92,40.0,4603.62,40.0
1768465442179,4603.88,40.0,4603.58,40.0
1768465442724,4603.89,40.0,4603.59,40.0
1768465443097,4603.88,40.0,4603.58,40.0
1768465443111,4603.81,40.0,4603.51,40.0
1768465443117,4603.75,40.0,4603.45,40.0
1768465443133,4603.72,40.0,4603.42,40.0
1768465443313,4603.71,40.0,4603.41,40.0
1768465443646,4603.69,40.0,4603.39,40.0
1768465443793,4603.67,40.0,4603.37,40.0
1768465444091,4603.65,40.0,4603.35,40.0
1768465444251,4603.64,40.0,4603.34,40.0
1768465444361,4603.55,40.0,4603.25,40.0
1768465444469,4603.57,40.0,4603.27,40.0
1768465444544,4603.67,40.0,4603.37,40.0
1768465444958,4603.51,40.0,4603.21,40.0
1768465444962,4603.45,40.0,4603.15,40.0
1768465444967,4603.39,40.0,4603.09,40.0
1768465444974,4603.37,40.0,4603.07,40.0
1768465444975,4603.27,40.0,4602.97,40.0
1768465445083,4603.2,40.0,4602.9,40.0
1768465445210,4603.12,40.0,4602.82,40.0
1768465445851,4603.14,40.0,4602.84,40.0
1768465446015,4603.13,40.0,4602.83,40.0
1768465446430,4603.1,40.0,4602.8,40.0
1768465446570,4603.04,40.0,4602.74,40.0
1768465446688,4603.09,40.0,4602.79,40.0
1768465447167,4603.16,40.0,4602.86,40.0
1768465447178,4603.21,40.0,4602.91,40.0
1768465447190,4603.26,40.0,4602.96,40.0
1768465447194,4603.28,40.0,4602.98,40.0
1768465447196,4603.27,40.0,4602.97,40.0
1768465447206,4603.3,40.0,4603.0,40.0
1768465447439,4603.36,40.0,4603.06,40.0
1768465448057,4603.35,40.0,4603.05,40.0
1768465448309,4603.28,40.0,4602.98,40.0
1768465449042,4603.3,40.0,4603.0,40.0
1768465449954,4603.29,40.0,4602.99,40.0
1768465450612,4603.3,40.0,4603.0,40.0
1768465450621,4603.42,40.0,4603.12,40.0
1768465450870,4603.49,40.0,4603.19,40.0
1768465450954,4603.41,40.0,4603.11,40.0
1768465451064,4603.37,40.0,4603.07,40.0
1768465451372,4603.33,40.0,4603.03,40.0
1768465451834,4603.31,40.0,4603.01,40.0
1768465452085,4603.34,40.0,4603.04,40.0
1768465452187,4603.37,40.0,4603.07,40.0
1768465452232,4603.44,40.0,4603.14,40.0
1768465452354,4603.47,40.0,4603.17,40.0
1768465454063,4603.44,40.0,4603.14,40.0
1768465454316,4603.48,40.0,4603.18,40.0
1768465455011,4603.46,40.0,4603.16,40.0
1768465455467,4603.44,40.0,4603.14,40.0
1768465455477,4603.35,40.0,4603.05,40.0
1768465455482,4603.3,40.0,4603.0,40.0
1768465455606,4603.33,40.0,4603.03,40.0
1768465455724,4603.4,40.0,4603.1,40.0
1768465455944,4603.42,40.0,4603.12,40.0
1768465456224,4603.43,40.0,4603.13,40.0
1768465456455,4603.42,40.0,4603.12,40.0
1768465456723,4603.46,40.0,4603.16,40.0
1768465456811,4603.39,40.0,4603.09,40.0
1768465456869,4603.37,40.0,4603.07,40.0
1768465456874,4603.28,40.0,4602.98,40.0
1768465457625,4603.31,40.0,4603.01,40.0
1768465457754,4603.29,40.0,4602.99,40.0
1768465458339,4603.28,40.0,4602.98,40.0
1768465460331,4603.26,40.0,4602.96,40.0
1768465460362,4603.38,40.0,4603.08,40.0
1768465460386,4603.43,40.0,4603.13,40.0
1768465460403,4603.45,40.0,4603.15,40.0
1768465460551,4603.53,40.0,4603.23,40.0
1768465460555,4603.6,40.0,4603.3,40.0
1768465460561,4603.64,40.0,4603.34,40.0
1768465460568,4603.62,40.0,4603.32,40.0
1768465460649,4603.54,40.0,4603.24,40.0
1768465460654,4603.45,40.0,4603.15,40.0
1768465460655,4603.38,40.0,4603.08,40.0
1768465460662,4603.32,40.0,4603.02,40.0
1768465460669,4603.4,40.0,4603.1,40.0
1768465460677,4603.31,40.0,4603.01,40.0
1768465460712,4603.23,40.0,4602.93,40.0
1768465460757,4603.13,40.0,4602.83,40.0
1768465460767,4603.09,40.0,4602.79,40.0
1768465460962,4603.08,40.0,4602.78,40.0
1768465461214,4603.1,40.0,4602.8,40.0
1768465461295,4603.22,40.0,4602.92,40.0
1768465461420,4603.23,40.0,4602.93,40.0
1768465461465,4603.32,40.0,4603.02,40.0
1768465461654,4603.33,40.0,4603.03,40.0
1768465461791,4603.32,40.0,4603.02,40.0
1768465461954,4603.33,40.0,4603.03,40.0
1768465462306,4603.32,40.0,4603.02,40.0
1768465462381,4603.28,40.0,4602.98,40.0
1768465462384,4603.27,40.0,4602.97,40.0
1768465462601,4603.26,40.0,4602.96,40.0
1768465462815,4603.25,40.0,4602.95,40.0
1768465463708,4603.21,40.0,4602.91,40.0
1768465463967,4603.22,40.0,4602.92,40.0
1768465464253,4603.23,40.0,4602.93,40.0
1768465464567,4603.19,40.0,4602.89,40.0
1768465465368,4603.2,40.0,4602.9,40.0
1768465465961,4603.18,40.0,4602.88,40.0
1768465467289,4603.19,40.0,4602.89,40.0
1768465467551,4603.22,40.0,4602.92,40.0
1768465468573,4603.2,40.0,4602.9,40.0
1768465468812,4603.16,40.0,4602.86,40.0
1768465469015,4603.19,40.0,4602.89,40.0
1768465469272,4603.23,40.0,4602.93,40.0
1768465469529,4603.21,40.0,4602.91,40.0
1768465469925,4603.08,40.0,4602.78,40.0
1768465469929,4603.03,40.0,4602.73,40.0
1768465470065,4602.99,40.0,4602.69,40.0
1768465470167,4603.05,40.0,4602.75,40.0
1768465470315,4603.06,40.0,4602.76,40.0
1768465470565,4603.11,40.0,4602.81,40.0
1768465470838,4603.14,40.0,4602.84,40.0
1768465470927,4603.23,40.0,4602.93,40.0
1768465471063,4603.27,40.0,4602.97,40.0
1768465471197,4603.37,40.0,4603.07,40.0
1768465471313,4603.38,40.0,4603.08,40.0
1768465471679,4603.36,40.0,4603.06,40.0
1768465472160,4603.37,40.0,4603.07,40.0
1768465472896,4603.36,40.0,4603.06,40.0
1768465473075,4603.37,40.0,4603.07,40.0
1768465473469,4603.36,40.0,4603.06,40.0
1768465474278,4603.39,40.0,4603.09,40.0
1768465474626,4603.38,40.0,4603.08,40.0
1768465474629,4603.4,40.0,4603.1,40.0
1768465474698,4603.54,40.0,4603.24,40.0
1768465474702,4603.55,40.0,4603.25,40.0
1768465474705,4603.66,40.0,4603.36,40.0
1768465474877,4603.68,40.0,4603.38,40.0
1768465475015,4603.66,40.0,4603.36,40.0
1768465475146,4603.65,40.0,4603.35,40.0
1768465475250,4603.64,40.0,4603.34,40.0
1768465475455,4603.65,40.0,4603.35,40.0
1768465475624,4603.63,40.0,4603.33,40.0
1768465475870,4603.64,40.0,4603.34,40.0
1768465475980,4603.69,40.0,4603.39,40.0
1768465476108,4603.68,40.0,4603.38,40.0
1768465476261,4603.62,40.0,4603.32,40.0
1768465476576,4603.65,40.0,4603.35,40.0
1768465476706,4603.63,40.0,4603.33,40.0
1768465476737,4603.49,40.0,4603.19,40.0
1768465476742,4603.44,40.0,4603.14,40.0
1768465476769,4603.41,40.0,4603.11,40.0
1768465476850,4603.39,40.0,4603.09,40.0
1768465476872,4603.28,40.0,4602.98,40.0
1768465477064,4603.26,40.0,4602.96,40.0
1768465477264,4603.24,40.0,4602.94,40.0
1768465477421,4603.2,40.0,4602.9,40.0
1768465477606,4603.18,40.0,4602.88,40.0
1768465478117,4603.13,40.0,4602.83,40.0
1768465478377,4603.11,40.0,4602.81,40.0
1768465478504,4603.14,40.0,4602.84,40.0
1768465478610,4603.19,40.0,4602.89,40.0
1768465478871,4603.18,40.0,4602.88,40.0
1768465479124,4603.22,40.0,4602.92,40.0
1768465479936,4603.21,40.0,4602.91,40.0
1768465480069,4603.19,40.0,4602.89,40.0
1768465480328,4603.22,40.0,4602.92,40.0
1768465480387,4603.15,40.0,4602.85,40.0
1768465480576,4603.12,40.0,4602.82,40.0
1768465480638,4603.03,40.0,4602.73,40.0
1768465480773,4603.05,40.0,4602.75,40.0
1768465480994,4603.08,40.0,4602.78,40.0
1768465481070,4603.14,40.0,4602.84,40.0
1768465481299,4603.12,40.0,4602.82,40.0
1768465481560,4603.1,40.0,4602.8,40.0
1768465481814,4603.12,40.0,4602.82,40.0
1768465482067,4603.14,40.0,4602.84,40.0
1768465483192,4603.13,40.0,4602.83,40.0
1768465483727,4603.14,40.0,4602.84,40.0
1768465484204,4603.19,40.0,4602.89,40.0
1768465484327,4603.23,40.0,4602.93,40.0
1768465484741,4603.28,40.0,4602.98,40.0
1768465484877,4603.32,40.0,4603.02,40.0
1768465484985,4603.3,40.0,4603.0,40.0
1768465485272,4603.29,40.0,4602.99,40.0
1768465485613,4603.28,40.0,4602.98,40.0
1768465485986,4603.29,40.0,4602.99,40.0
1768465486037,4603.43,40.0,4603.13,40.0
1768465486082,4603.47,40.0,4603.17,40.0
1768465486107,4603.52,40.0,4603.22,40.0
1768465486221,4603.5,40.0,4603.2,40.0
1768465486231,4603.58,40.0,4603.28,40.0
1768465486481,4603.54,40.0,4603.24,40.0
1768465486654,4603.53,40.0,4603.23,40.0
1768465486839,4603.54,40.0,4603.24,40.0
1768465486981,4603.53,40.0,4603.23,40.0
1768465487440,4603.54,40.0,4603.24,40.0
1768465487455,4603.66,40.0,4603.36,40.0
1768465487477,4603.58,40.0,4603.28,40.0
1768465487578,4603.51,40.0,4603.21,40.0
1768465487730,4603.54,40.0,4603.24,40.0
1768465487981,4603.53,40.0,4603.23,40.0
1768465487993,4603.46,40.0,4603.16,40.0
1768465488143,4603.41,40.0,4603.11,40.0
1768465488430,4603.42,40.0,4603.12,40.0
1768465488567,4603.5,40.0,4603.2,40.0
1768465488733,4603.51,40.0,4603.21,40.0
1768465488988,4603.52,40.0,4603.22,40.0
1768465489064,4603.43,40.0,4603.13,40.0
1768465489223,4603.41,40.0,4603.11,40.0
1768465489407,4603.43,40.0,4603.13,40.0
1768465489526,4603.46,40.0,4603.16,40.0
1768465489658,4603.48,40.0,4603.18,40.0
1768465489790,4603.5,40.0,4603.2,40.0
1768465489944,4603.49,40.0,4603.19,40.0
1768465490200,4603.55,40.0,4603.25,40.0
1768465491255,4603.56,40.0,4603.26,40.0
1768465491480,4603.55,40.0,4603.25,40.0
1768465491751,4603.51,40.0,4603.21,40.0
1768465492386,4603.52,40.0,4603.22,40.0
1768465492561,4603.46,40.0,4603.16,40.0
1768465492689,4603.47,40.0,4603.17,40.0
1768465492938,4603.46,40.0,4603.16,40.0
1768465493188,4603.47,40.0,4603.17,40.0
1768465493416,4603.53,40.0,4603.23,40.0
1768465493560,4603.54,40.0,4603.24,40.0
1768465493690,4603.56,40.0,4603.26,40.0
1768465494350,4603.49,40.0,4603.19,40.0
1768465494453,4603.46,40.0,4603.16,40.0
1768465494631,4603.47,40.0,4603.17,40.0
1768465494885,4603.45,40.0,4603.15,40.0
1768465495144,4603.48,40.0,4603.18,40.0
1768465495412,4603.46,40.0,4603.16,40.0
1768465495581,4603.52,40.0,4603.22,40.0
1768465496046,4603.54,40.0,4603.24,40.0
1768465496177,4603.51,40.0,4603.21,40.0
1768465496427,4603.53,40.0,4603.23,40.0
1768465496800,4603.55,40.0,4603.25,40.0
1768465497060,4603.53,40.0,4603.23,40.0
1768465497195,4603.51,40.0,4603.21,40.0
1768465497602,4603.53,40.0,4603.23,40.0
1768465497858,4603.48,40.0,4603.18,40.0
1768465498157,4603.53,40.0,4603.23,40.0
1768465498406,4603.56,40.0,4603.26,40.0
1768465498698,4603.55,40.0,4603.25,40.0
1768465499226,4603.53,40.0,4603.23,40.0
1768465499588,4603.5,40.0,4603.2,40.0
1768465500066,4603.67,40.0,4603.37,40.0
1768465500073,4603.74,40.0,4603.44,40.0
1768465500080,4603.8,40.0,4603.5,40.0
1768465500094,4603.81,40.0,4603.51,40.0
1768465500102,4603.83,40.0,4603.53,40.0
1768465500140,4603.94,40.0,4603.64,40.0
1768465500233,4603.86,40.0,4603.56,40.0
1768465500367,4603.89,40.0,4603.59,40.0
1768465500433,4603.8,40.0,4603.5,40.0
1768465500478,4603.71,40.0,4603.41,40.0
1768465500489,4603.67,40.0,4603.37,40.0
1768465500501,4603.65,40.0,4603.35,40.0
1768465500508,4603.56,40.0,4603.26,40.0
1768465500515,4603.54,40.0,4603.24,40.0
1768465500517,4603.36,40.0,4603.06,40.0
1768465500520,4603.32,40.0,4603.02,40.0
1768465500523,4603.31,40.0,4603.01,40.0
1768465500530,4603.26,40.0,4602.96,40.0
1768465500568,4603.11,40.0,4602.81,40.0
1768465500713,4603.04,40.0,4602.74,40.0
1768465500719,4603.03,40.0,4602.73,40.0
1768465500721,4602.96,40.0,4602.66,40.0
1768465500835,4603.03,40.0,4602.73,40.0
1768465501162,4603.04,40.0,4602.74,40.0
1768465501309,4603.05,40.0,4602.75,40.0
1768465501338,4602.94,40.0,4602.64,40.0
1768465501421,4602.86,40.0,4602.56,40.0
1768465501424,4602.84,40.0,4602.54,40.0
1768465501428,4602.82,40.0,4602.52,40.0
1768465501432,4602.8,40.0,4602.5,40.0
1768465501437,4602.7,40.0,4602.4,40.0
1768465501553,4602.64,40.0,4602.34,40.0
1768465501666,4602.52,40.0,4602.22,40.0
1768465501675,4602.45,40.0,4602.15,40.0
1768465501679,4602.39,40.0,4602.09,40.0
1768465501683,4602.37,40.0,4602.07,40.0
1768465501687,4602.23,40.0,4601.93,40.0
1768465501934,4602.17,40.0,4601.87,40.0
1768465502049,4602.19,40.0,4601.89,40.0
1768465502066,4602.24,40.0,4601.94,40.0
1768465502071,4602.27,40.0,4601.97,40.0
1768465502225,4602.35,40.0,4602.05,40.0
1768465502386,4602.4,40.0,4602.1,40.0
1768465502499,4602.48,40.0,4602.18,40.0
1768465502647,4602.49,40.0,4602.19,40.0
1768465502988,4602.48,40.0,4602.18,40.0
1768465503132,4602.51,40.0,4602.21,40.0
1768465503281,4602.53,40.0,4602.23,40.0
1768465503568,4602.52,40.0,4602.22,40.0
1768465504135,4602.54,40.0,4602.24,40.0
1768465504380,4602.49,40.0,4602.19,40.0
1768465504639,4602.47,40.0,4602.17,40.0
1768465505097,4602.45,40.0,4602.15,40.0
1768465505252,4602.47,40.0,4602.17,40.0
1768465505390,4602.49,40.0,4602.19,40.0
1768465505925,4602.51,40.0,4602.21,40.0
1768465506139,4602.48,40.0,4602.18,40.0
1768465506569,4602.43,40.0,4602.13,40.0
1768465506889,4602.39,40.0,4602.09,40.0
1768465506998,4602.47,40.0,4602.17,40.0
1768465507798,4602.39,40.0,4602.09,40.0
1768465508132,4602.41,40.0,4602.11,40.0
1768465508906,4602.37,40.0,4602.07,40.0
1768465509764,4602.41,40.0,4602.11,40.0
1768465509817,4602.49,40.0,4602.19,40.0
1768465510016,4602.47,40.0,4602.17,40.0
1768465510265,4602.41,40.0,4602.11,40.0
1768465510491,4602.35,40.0,4602.05,40.0
1768465511447,4602.41,40.0,4602.11,40.0
1768465511803,4602.43,40.0,4602.13,40.0
1768465511985,4602.35,40.0,4602.05,40.0
1768465512249,4602.33,40.0,4602.03,40.0
1768465512517,4602.37,40.0,4602.07,40.0
1768465513464,4602.35,40.0,4602.05,40.0
1768465513532,4602.23,40.0,4601.93,40.0
1768465513541,4602.11,40.0,4601.81,40.0
1768465513545,4602.12,40.0,4601.82,40.0
1768465513548,4602.11,40.0,4601.81,40.0
1768465513551,4602.08,40.0,4601.78,40.0
1768465513554,4602.04,40.0,4601.74,40.0
1768465513557,4602.03,40.0,4601.73,40.0
1768465513559,4601.9,40.0,4601.6,40.0
1768465513564,4601.87,40.0,4601.57,40.0
1768465513566,4601.84,40.0,4601.54,40.0
1768465513572,4601.75,40.0,4601.45,40.0
1768465513586,4601.85,40.0,4601.55,40.0
1768465513590,4601.95,40.0,4601.65,40.0
1768465513672,4601.93,40.0,4601.63,40.0
1768465513782,4601.87,40.0,4601.57,40.0
1768465513845,4601.76,40.0,4601.46,40.0
1768465514040,4601.92,40.0,4601.62,40.0
1768465514044,4601.97,40.0,4601.67,40.0
1768465514048,4601.98,40.0,4601.68,40.0
1768465514160,4601.94,40.0,4601.64,40.0
1768465514437,4601.95,40.0,4601.65,40.0
1768465514756,4601.93,40.0,4601.63,40.0
1768465514938,4601.95,40.0,4601.65,40.0
1768465515245,4602.0,40.0,4601.7,40.0
1768465515493,4601.99,40.0,4601.69,40.0
1768465515691,4601.98,40.0,4601.68,40.0
1768465515888,4602.05,40.0,4601.75,40.0
1768465516004,4602.14,40.0,4601.84,40.0
1768465516071,4602.24,40.0,4601.94,40.0
1768465516422,4602.26,40.0,4601.96,40.0
1768465516532,4602.19,40.0,4601.89,40.0
1768465516716,4602.21,40.0,4601.91,40.0
1768465516996,4602.24,40.0,4601.94,40.0
1768465517285,4602.25,40.0,4601.95,40.0
1768465517551,4602.24,40.0,4601.94,40.0
1768465517679,4602.23,40.0,4601.93,40.0
1768465517807,4602.17,40.0,4601.87,40.0
1768465517833,4602.05,40.0,4601.75,40.0
1768465517835,4602.03,40.0,4601.73,40.0
1768465517842,4601.91,40.0,4601.61,40.0
1768465517953,4601.92,40.0,4601.62,40.0
1768465518090,4601.94,40.0,4601.64,40.0
1768465518237,4601.95,40.0,4601.65,40.0
1768465518341,4602.02,40.0,4601.72,40.0
1768465518547,4602.01,40.0,4601.71,40.0
1768465518842,4601.97,40.0,4601.67,40.0
1768465518945,4601.94,40.0,4601.64,40.0
1768465519526,4601.93,40.0,4601.63,40.0
1768465520656,4601.92,40.0,4601.62,40.0
1768465520923,4601.99,40.0,4601.69,40.0
1768465521038,4601.98,40.0,4601.68,40.0
1768465521562,4601.96,40.0,4601.66,40.0
1768465521670,4601.94,40.0,4601.64,40.0
1768465523025,4601.97,40.0,4601.67,40.0
1768465524442,4601.96,40.0,4601.66,40.0
1768465524807,4601.97,40.0,4601.67,40.0
1768465524911,4601.95,40.0,4601.65,40.0
1768465525106,4601.98,40.0,4601.68,40.0
1768465525222,4602.0,40.0,4601.7,40.0
1768465525357,4601.96,40.0,4601.66,40.0
1768465525506,4601.98,40.0,4601.68,40.0
1768465525775,4601.99,40.0,4601.69,40.0
1768465525976,4602.01,40.0,4601.71,40.0
1768465526088,4601.98,40.0,4601.68,40.0
1768465526721,4601.97,40.0,4601.67,40.0
1768465526891,4601.93,40.0,4601.63,40.0
1768465526901,4601.76,40.0,4601.46,40.0
1768465526993,4601.65,40.0,4601.35,40.0
1768465527124,4601.66,40.0,4601.36,40.0
1768465527236,4601.7,40.0,4601.4,40.0
1768465527400,4601.69,40.0,4601.39,40.0
1768465527735,4601.67,40.0,4601.37,40.0
1768465527986,4601.65,40.0,4601.35,40.0
1768465528255,4601.64,40.0,4601.34,40.0
1768465530080,4601.66,40.0,4601.36,40.0
1768465530373,4601.65,40.0,4601.35,40.0
1768465530688,4601.64,40.0,4601.34,40.0
1768465530952,4601.63,40.0,4601.33,40.0
1768465531223,4601.65,40.0,4601.35,40.0
1768465531336,4601.64,40.0,4601.34,40.0
1768465531473,4601.66,40.0,4601.36,40.0
1768465531663,4601.72,40.0,4601.42,40.0
1768465531851,4601.73,40.0,4601.43,40.0
1768465531958,4601.75,40.0,4601.45,40.0
1768465532236,4601.74,40.0,4601.44,40.0
1768465532358,4601.75,40.0,4601.45,40.0
1768465533064,4601.76,40.0,4601.46,40.0
1768465535182,4601.74,40.0,4601.44,40.0
1768465536004,4601.76,40.0,4601.46,40.0
1768465536120,4601.83,40.0,4601.53,40.0
1768465536162,4601.87,40.0,4601.57,40.0
1768465536266,4601.96,40.0,4601.66,40.0
1768465536322,4602.08,40.0,4601.78,40.0
1768465536510,4602.09,40.0,4601.79,40.0
1768465536554,4602.17,40.0,4601.87,40.0
1768465536754,4602.15,40.0,4601.85,40.0
1768465536859,4602.18,40.0,4601.88,40.0
1768465537005,4602.15,40.0,4601.85,40.0
1768465537107,4602.23,40.0,4601.93,40.0
1768465537162,4602.3,40.0,4602.0,40.0
1768465537166,4602.31,40.0,4602.01,40.0
1768465537169,4602.33,40.0,4602.03,40.0
1768465537174,4602.35,40.0,4602.05,40.0
1768465537181,4602.46,40.0,4602.16,40.0
1768465537541,4602.47,40.0,4602.17,40.0
1768465537804,4602.46,40.0,4602.16,40.0
1768465538097,4602.47,40.0,4602.17,40.0
1768465538112,4602.39,40.0,4602.09,40.0
1768465538261,4602.33,40.0,4602.03,40.0
1768465538545,4602.29,40.0,4601.99,40.0
1768465538625,4602.37,40.0,4602.07,40.0
1768465538775,4602.31,40.0,4602.01,40.0
1768465539040,4602.32,40.0,4602.02,40.0
1768465539180,4602.3,40.0,4602.0,40.0
1768465539353,4602.24,40.0,4601.94,40.0
1768465539463,4602.26,40.0,4601.96,40.0
1768465539682,4602.29,40.0,4601.99,40.0
1768465539933,4602.31,40.0,4602.01,40.0
1768465540402,4602.36,40.0,4602.06,40.0
1768465540546,4602.34,40.0,4602.04,40.0
1768465540567,4602.24,40.0,4601.94,40.0
1768465540875,4602.25,40.0,4601.95,40.0
1768465541155,4602.35,40.0,4602.05,40.0
1768465541448,4602.32,40.0,4602.02,40.0
1768465541844,4602.36,40.0,4602.06,40.0
1768465541955,4602.37,40.0,4602.07,40.0
1768465542066,4602.27,40.0,4601.97,40.0
1768465542461,4602.23,40.0,4601.93,40.0
1768465542708,4602.21,40.0,4601.91,40.0
1768465542960,4602.23,40.0,4601.93,40.0
1768465543088,4602.21,40.0,4601.91,40.0
1768465543603,4602.22,40.0,4601.92,40.0
1768465544651,4602.21,40.0,4601.91,40.0
1768465545372,4602.22,40.0,4601.92,40.0
1768465545644,4602.28,40.0,4601.98,40.0
1768465546343,4602.31,40.0,4602.01,40.0
1768465546645,4602.3,40.0,4602.0,40.0
1768465547431,4602.26,40.0,4601.96,40.0
1768465547687,4602.25,40.0,4601.95,40.0
1768465547983,4602.26,40.0,4601.96,40.0
1768465548475,4602.25,40.0,4601.95,40.0
1768465548817,4602.28,40.0,4601.98,40.0
1768465549071,4602.22,40.0,4601.92,40.0
1768465550244,4602.21,40.0,4601.91,40.0
1768465550256,4602.12,40.0,4601.82,40.0
1768465550400,4602.06,40.0,4601.76,40.0
1768465550632,4602.0,40.0,4601.7,40.0
1768465550921,4601.95,40.0,4601.65,40.0
1768465551026,4601.94,40.0,4601.64,40.0
1768465551177,4601.98,40.0,4601.68,40.0
1768465551503,4602.0,40.0,4601.7,40.0
1768465551537,4602.07,40.0,4601.77,40.0
1768465551703,4602.09,40.0,4601.79,40.0
1768465551989,4602.08,40.0,4601.78,40.0
1768465552024,4602.19,40.0,4601.89,40.0
1768465552031,4602.22,40.0,4601.92,40.0
1768465552256,4602.28,40.0,4601.98,40.0
1768465553097,4602.36,40.0,4602.06,40.0
1768465553312,4602.42,40.0,4602.12,40.0
1768465553562,4602.4,40.0,4602.1,40.0
1768465553760,4602.42,40.0,4602.12,40.0
1768465554027,4602.45,40.0,4602.15,40.0
1768465554575,4602.46,40.0,4602.16,40.0
1768465554894,4602.43,40.0,4602.13,40.0
1768465555145,4602.44,40.0,4602.14,40.0
1768465555831,4602.48,40.0,4602.18,40.0
1768465556070,4602.43,40.0,4602.13,40.0
1768465556329,4602.39,40.0,4602.09,40.0
1768465556578,4602.32,40.0,4602.02,40.0
1768465556830,4602.31,40.0,4602.01,40.0
1768465556873,4602.39,40.0,4602.09,40.0
1768465557079,4602.46,40.0,4602.16,40.0
1768465557330,4602.47,40.0,4602.17,40.0
1768465558063,4602.48,40.0,4602.18,40.0
1768465560059,4602.46,40.0,4602.16,40.0
1768465560076,4602.31,40.0,4602.01,40.0
1768465560087,4602.22,40.0,4601.92,40.0
1768465560091,4602.16,40.0,4601.86,40.0
1768465560097,4602.12,40.0,4601.82,40.0
1768465560100,4601.96,40.0,4601.66,40.0
1768465560105,4601.88,40.0,4601.58,40.0
1768465560252,4601.89,40.0,4601.59,40.0
1768465560317,4601.87,40.0,4601.57,40.0
1768465560332,4601.79,40.0,4601.49,40.0
1768465560706,4601.76,40.0,4601.46,40.0
1768465560967,4601.77,40.0,4601.47,40.0
1768465560975,4601.89,40.0,4601.59,40.0
1768465560979,4601.91,40.0,4601.61,40.0
1768465560984,4601.94,40.0,4601.64,40.0
1768465560987,4601.98,40.0,4601.68,40.0
1768465560990,4602.18,40.0,4601.88,40.0
1768465561238,4602.21,40.0,4601.91,40.0
1768465561417,4602.2,40.0,4601.9,40.0
1768465561738,4602.24,40.0,4601.94,40.0
1768465561929,4602.21,40.0,4601.91,40.0
1768465562240,4602.23,40.0,4601.93,40.0
1768465562489,4602.2,40.0,4601.9,40.0
1768465562634,4602.29,40.0,4601.99,40.0
1768465562637,4602.33,40.0,4602.03,40.0
1768465562640,4602.43,40.0,4602.13,40.0
1768465562643,4602.45,40.0,4602.15,40.0
1768465562658,4602.57,40.0,4602.27,40.0
1768465562895,4602.6,40.0,4602.3,40.0
1768465562908,4602.66,40.0,4602.36,40.0
1768465563666,4602.55,40.0,4602.25,40.0
1768465563678,4602.41,40.0,4602.11,40.0
1768465563798,4602.42,40.0,4602.12,40.0
1768465563910,4602.39,40.0,4602.09,40.0
1768465564038,4602.37,40.0,4602.07,40.0
1768465564153,4602.33,40.0,4602.03,40.0
1768465564409,4602.37,40.0,4602.07,40.0
1768465564504,4602.44,40.0,4602.14,40.0
1768465564517,4602.57,40.0,4602.27,40.0
1768465564524,4602.62,40.0,4602.32,40.0
1768465564525,4602.63,40.0,4602.33,40.0
1768465564527,4602.68,40.0,4602.38,40.0
1768465564528,4602.72,40.0,4602.42,40.0
1768465564531,4602.74,40.0,4602.44,40.0
1768465564536,4602.88,40.0,4602.58,40.0
1768465564539,4602.89,40.0,4602.59,40.0
1768465564543,4602.92,40.0,4602.62,40.0
1768465564560,4602.93,40.0,4602.63,40.0
1768465564560,4603.03,40.0,4602.73,40.0
1768465564563,4602.95,40.0,4602.65,40.0
1768465564568,4602.9,40.0,4602.6,40.0
1768465564572,4602.89,40.0,4602.59,40.0
1768465564576,4602.78,40.0,4602.48,40.0
1768465564579,4602.75,40.0,4602.45,40.0
1768465564584,4602.65,40.0,4602.35,40.0
1768465564688,4602.61,40.0,4602.31,40.0
1768465564832,4602.65,40.0,4602.35,40.0
1768465564967,4602.68,40.0,4602.38,40.0
1768465565205,4602.67,40.0,4602.37,40.0
1768465565334,4602.68,40.0,4602.38,40.0
1768465565587,4602.67,40.0,4602.37,40.0
1768465565725,4602.76,40.0,4602.46,40.0
1768465566083,4602.75,40.0,4602.45,40.0
1768465566169,4602.65,40.0,4602.35,40.0
1768465566189,4602.59,40.0,4602.29,40.0
1768465566270,4602.54,40.0,4602.24,40.0
1768465566295,4602.47,40.0,4602.17,40.0
1768465566448,4602.46,40.0,4602.16,40.0
1768465566557,4602.48,40.0,4602.18,40.0
1768465566689,4602.47,40.0,4602.17,40.0
1768465567282,4602.49,40.0,4602.19,40.0
1768465567468,4602.47,40.0,4602.17,40.0
1768465567709,4602.49,40.0,4602.19,40.0
1768465567817,4602.48,40.0,4602.18,40.0
1768465567961,4602.47,40.0,4602.17,40.0
1768465567986,4602.6,40.0,4602.3,40.0
1768465567989,4602.66,40.0,4602.36,40.0
1768465568007,4602.67,40.0,4602.37,40.0
1768465568011,4602.72,40.0,4602.42,40.0
1768465568014,4602.87,40.0,4602.57,40.0
1768465568015,4602.97,40.0,4602.67,40.0
1768465568026,4602.94,40.0,4602.64,40.0
1768465568369,4602.91,40.0,4602.61,40.0
1768465568607,4602.87,40.0,4602.57,40.0
1768465568868,4602.83,40.0,4602.53,40.0
1768465569369,4602.82,40.0,4602.52,40.0
1768465569575,4602.81,40.0,4602.51,40.0
1768465569746,4602.78,40.0,4602.48,40.0
1768465569873,4602.77,40.0,4602.47,40.0
1768465570021,4602.75,40.0,4602.45,40.0
1768465570124,4602.77,40.0,4602.47,40.0
1768465570382,4602.74,40.0,4602.44,40.0
1768465571145,4602.75,40.0,4602.45,40.0
1768465571430,4602.81,40.0,4602.51,40.0
1768465571701,4602.84,40.0,4602.54,40.0
1768465574071,4602.83,40.0,4602.53,40.0
1768465574341,4602.78,40.0,4602.48,40.0
1768465574690,4602.73,40.0,4602.43,40.0
1768465574961,4602.67,40.0,4602.37,40.0
1768465575063,4602.65,40.0,4602.35,40.0
1768465575336,4602.74,40.0,4602.44,40.0
1768465576431,4602.79,40.0,4602.49,40.0
1768465576436,4602.83,40.0,4602.53,40.0
1768465576595,4602.9,40.0,4602.6,40.0
1768465576702,4602.86,40.0,4602.56,40.0
1768465576972,4602.84,40.0,4602.54,40.0
1768465577097,4602.85,40.0,4602.55,40.0
1768465577242,4602.84,40.0,4602.54,40.0
1768465577845,4602.85,40.0,4602.55,40.0
1768465578214,4602.88,40.0,4602.58,40.0
1768465578346,4602.89,40.0,4602.59,40.0
1768465578561,4602.91,40.0,4602.61,40.0
1768465578630,4602.83,40.0,4602.53,40.0
1768465578641,4602.64,40.0,4602.34,40.0
1768465578646,4602.56,40.0,4602.26,40.0
1768465578650,4602.57,40.0,4602.27,40.0
1768465578676,4602.46,40.0,4602.16,40.0
1768465578752,4602.55,40.0,4602.25,40.0
1768465578905,4602.59,40.0,4602.29,40.0
1768465579093,4602.56,40.0,4602.26,40.0
1768465579214,4602.51,40.0,4602.21,40.0
1768465579403,4602.5,40.0,4602.2,40.0
1768465579560,4602.52,40.0,4602.22,40.0
1768465579659,4602.59,40.0,4602.29,40.0
1768465580014,4602.58,40.0,4602.28,40.0
1768465580263,4602.61,40.0,4602.31,40.0
1768465580528,4602.64,40.0,4602.34,40.0
1768465580641,4602.65,40.0,4602.35,40.0
1768465581096,4602.68,40.0,4602.38,40.0
1768465581186,4602.76,40.0,4602.46,40.0
1768465581188,4602.83,40.0,4602.53,40.0
1768465581235,4602.86,40.0,4602.56,40.0
1768465581254,4602.88,40.0,4602.58,40.0
1768465581257,4602.89,40.0,4602.59,40.0
1768465581261,4602.9,40.0,4602.6,40.0
1768465581265,4602.92,40.0,4602.62,40.0
1768465581269,4603.01,40.0,4602.71,40.0
1768465581348,4603.11,40.0,4602.81,40.0
1768465581486,4603.13,40.0,4602.83,40.0
1768465581741,4603.18,40.0,4602.88,40.0
1768465582988,4603.17,40.0,4602.87,40.0
1768465583630,4603.18,40.0,4602.88,40.0
1768465583897,4603.23,40.0,4602.93,40.0
1768465584115,4603.24,40.0,4602.94,40.0
1768465585131,4603.21,40.0,4602.91,40.0
1768465585837,4603.17,40.0,4602.87,40.0
1768465586113,4603.16,40.0,4602.86,40.0
1768465587388,4603.17,40.0,4602.87,40.0
1768465587637,4603.12,40.0,4602.82,40.0
1768465588006,4603.1,40.0,4602.8,40.0
1768465588385,4603.08,40.0,4602.78,40.0
1768465588645,4603.09,40.0,4602.79,40.0
1768465589152,4603.11,40.0,4602.81,40.0
1768465589888,4603.09,40.0,4602.79,40.0
1768465589892,4602.99,40.0,4602.69,40.0
1768465589901,4602.94,40.0,4602.64,40.0
1768465590136,4602.95,40.0,4602.65,40.0
1768465590821,4602.98,40.0,4602.68,40.0
1768465591055,4602.95,40.0,4602.65,40.0
1768465591394,4602.97,40.0,4602.67,40.0
1768465591495,4602.95,40.0,4602.65,40.0
1768465591643,4602.93,40.0,4602.63,40.0
1768465591770,4602.91,40.0,4602.61,40.0
1768465592144,4602.9,40.0,4602.6,40.0
1768465592415,4602.89,40.0,4602.59,40.0
1768465592710,4602.9,40.0,4602.6,40.0
1768465592970,4602.89,40.0,4602.59,40.0
1768465593844,4602.9,40.0,4602.6,40.0
1768465594475,4602.89,40.0,4602.59,40.0
1768465594567,4602.8,40.0,4602.5,40.0
1768465594738,4602.76,40.0,4602.46,40.0
1768465594819,4602.62,40.0,4602.32,40.0
1768465594923,4602.67,40.0,4602.37,40.0
1768465595052,4602.66,40.0,4602.36,40.0
1768465595247,4602.61,40.0,4602.31,40.0
1768465595442,4602.6,40.0,4602.3,40.0
1768465595559,4602.52,40.0,4602.22,40.0
1768465595798,4602.51,40.0,4602.21,40.0
1768465595944,4602.49,40.0,4602.19,40.0
1768465596247,4602.5,40.0,4602.2,40.0
1768465596471,4602.48,40.0,4602.18,40.0
1768465596512,4602.38,40.0,4602.08,40.0
1768465596999,4602.41,40.0,4602.11,40.0
1768465597252,4602.39,40.0,4602.09,40.0
1768465597492,4602.38,40.0,4602.08,40.0
1768465597511,4602.29,40.0,4601.99,40.0
1768465597564,4602.22,40.0,4601.92,40.0
1768465597729,4602.23,40.0,4601.93,40.0
1768465597945,4602.2,40.0,4601.9,40.0
1768465598205,4602.19,40.0,4601.89,40.0
1768465598476,4602.17,40.0,4601.87,40.0
1768465599147,4602.14,40.0,4601.84,40.0
1768465599396,4602.08,40.0,4601.78,40.0
1768465600563,4602.09,40.0,4601.79,40.0
1768465600586,4602.0,40.0,4601.7,40.0
1768465600595,4601.94,40.0,4601.64,40.0
1768465600599,4601.89,40.0,4601.59,40.0
1768465600604,4601.86,40.0,4601.56,40.0
1768465600613,4601.77,40.0,4601.47,40.0
1768465600821,4601.71,40.0,4601.41,40.0
1768465600908,4601.63,40.0,4601.33,40.0
1768465601113,4601.62,40.0,4601.32,40.0
1768465601363,4601.64,40.0,4601.34,40.0
1768465601414,4601.71,40.0,4601.41,40.0
1768465601436,4601.83,40.0,4601.53,40.0
1768465601531,4601.85,40.0,4601.55,40.0
1768465601534,4601.95,40.0,4601.65,40.0
1768465601809,4602.02,40.0,4601.72,40.0
1768465602149,4602.01,40.0,4601.71,40.0
1768465602451,4602.04,40.0,4601.74,40.0
1768465602488,4602.11,40.0,4601.81,40.0
1768465602933,4602.09,40.0,4601.79,40.0
1768465603038,4602.12,40.0,4601.82,40.0
1768465603415,4602.11,40.0,4601.81,40.0
1768465604107,4602.06,40.0,4601.76,40.0
1768465604165,4601.88,40.0,4601.58,40.0
1768465604176,4601.76,40.0,4601.46,40.0
1768465604425,4601.71,40.0,4601.41,40.0
1768465604463,4601.62,40.0,4601.32,40.0
1768465604512,4601.7,40.0,4601.4,40.0
1768465604561,4601.62,40.0,4601.32,40.0
1768465604569,4601.51,40.0,4601.21,40.0
1768465604576,4601.5,40.0,4601.2,40.0
1768465604579,4601.44,40.0,4601.14,40.0
1768465604590,4601.43,40.0,4601.13,40.0
1768465604591,4601.32,40.0,4601.02,40.0
1768465604619,4601.23,40.0,4600.93,40.0
1768465604734,4601.21,40.0,4600.91,40.0
1768465604849,4601.22,40.0,4600.92,40.0
1768465604884,4601.34,40.0,4601.04,40.0
1768465604924,4601.47,40.0,4601.17,40.0
1768465605134,4601.61,40.0,4601.31,40.0
1768465605423,4601.64,40.0,4601.34,40.0
1768465605563,4601.59,40.0,4601.29,40.0
1768465605575,4601.53,40.0,4601.23,40.0
1768465605585,4601.44,40.0,4601.14,40.0
1768465605732,4601.45,40.0,4601.15,40.0
1768465605982,4601.43,40.0,4601.13,40.0
1768465606094,4601.42,40.0,4601.12,40.0
1768465606197,4601.4,40.0,4601.1,40.0
1768465606331,4601.38,40.0,4601.08,40.0
1768465606568,4601.36,40.0,4601.06,40.0
1768465606577,4601.31,40.0,4601.01,40.0
1768465606590,4601.21,40.0,4600.91,40.0
1768465606833,4601.25,40.0,4600.95,40.0
1768465606939,4601.22,40.0,4600.92,40.0
1768465606990,4601.32,40.0,4601.02,40.0
1768465607030,4601.39,40.0,4601.09,40.0
1768465607043,4601.44,40.0,4601.14,40.0
1768465607051,4601.46,40.0,4601.16,40.0
1768465607059,4601.53,40.0,4601.23,40.0
1768465607310,4601.55,40.0,4601.25,40.0
1768465607498,4601.56,40.0,4601.26,40.0
1768465607953,4601.55,40.0,4601.25,40.0
1768465609860,4601.43,40.0,4601.13,40.0
1768465609866,4601.39,40.0,4601.09,40.0
1768465609870,4601.35,40.0,4601.05,40.0
1768465609877,4601.28,40.0,4600.98,40.0
1768465610035,4601.33,40.0,4601.03,40.0
1768465610156,4601.37,40.0,4601.07,40.0
1768465610490,4601.45,40.0,4601.15,40.0
1768465610523,4601.52,40.0,4601.22,40.0
1768465610630,4601.51,40.0,4601.21,40.0
1768465610828,4601.54,40.0,4601.24,40.0
1768465611438,4601.53,40.0,4601.23,40.0
1768465611844,4601.55,40.0,4601.25,40.0
1768465612094,4601.53,40.0,4601.23,40.0
1768465612444,4601.51,40.0,4601.21,40.0
1768465612696,4601.54,40.0,4601.24,40.0
1768465613022,4601.57,40.0,4601.27,40.0
1768465613146,4601.54,40.0,4601.24,40.0
1768465613278,4601.55,40.0,4601.25,40.0
1768465613725,4601.54,40.0,4601.24,40.0
1768465613983,4601.53,40.0,4601.23,40.0
1768465614084,4601.5,40.0,4601.2,40.0
1768465614406,4601.51,40.0,4601.21,40.0
1768465614753,4601.55,40.0,4601.25,40.0
1768465615699,4601.54,40.0,4601.24,40.0
1768465616006,4601.53,40.0,4601.23,40.0
1768465616281,4601.48,40.0,4601.18,40.0
1768465616426,4601.51,40.0,4601.21,40.0
1768465617139,4601.5,40.0,4601.2,40.0
1768465617390,4601.51,40.0,4601.21,40.0
1768465617639,4601.54,40.0,4601.24,40.0
1768465617714,4601.62,40.0,4601.32,40.0
1768465617721,4601.68,40.0,4601.38,40.0
1768465617725,4601.72,40.0,4601.42,40.0
1768465617746,4601.57,40.0,4601.27,40.0
1768465617861,4601.6,40.0,4601.3,40.0
1768465617870,4601.67,40.0,4601.37,40.0
1768465618140,4601.62,40.0,4601.32,40.0
1768465618354,4601.6,40.0,4601.3,40.0
1768465619190,4601.61,40.0,4601.31,40.0
1768465619448,4601.6,40.0,4601.3,40.0
1768465620158,4601.56,40.0,4601.26,40.0
1768465620571,4601.57,40.0,4601.27,40.0
1768465621221,4601.59,40.0,4601.29,40.0
1768465621298,4601.71,40.0,4601.41,40.0
1768465621315,4601.62,40.0,4601.32,40.0
1768465621511,4601.56,40.0,4601.26,40.0
1768465621775,4601.55,40.0,4601.25,40.0
1768465621960,4601.56,40.0,4601.26,40.0
1768465622224,4601.57,40.0,4601.27,40.0
1768465622845,4601.6,40.0,4601.3,40.0
1768465623154,4601.61,40.0,4601.31,40.0
1768465624118,4601.59,40.0,4601.29,40.0
1768465624218,4601.52,40.0,4601.22,40.0
1768465624226,4601.47,40.0,4601.17,40.0
1768465624390,4601.44,40.0,4601.14,40.0
1768465624565,4601.46,40.0,4601.16,40.0
1768465624872,4601.44,40.0,4601.14,40.0
1768465625732,4601.5,40.0,4601.2,40.0
1768465626360,4601.45,40.0,4601.15,40.0
1768465626888,4601.54,40.0,4601.24,40.0
1768465627324,4601.53,40.0,4601.23,40.0
1768465627577,4601.52,40.0,4601.22,40.0
1768465627638,4601.61,40.0,4601.31,40.0
1768465627649,4601.72,40.0,4601.42,40.0
1768465627655,4601.8,40.0,4601.5,40.0
1768465627659,4601.82,40.0,4601.52,40.0
1768465627666,4601.92,40.0,4601.62,40.0
1768465627678,4601.82,40.0,4601.52,40.0
1768465627685,4601.77,40.0,4601.47,40.0
1768465627700,4601.76,40.0,4601.46,40.0
1768465627704,4601.67,40.0,4601.37,40.0
1768465627738,4601.6,40.0,4601.3,40.0
1768465627749,4601.53,40.0,4601.23,40.0
1768465627999,4601.58,40.0,4601.28,40.0
1768465628089,4601.48,40.0,4601.18,40.0
1768465628399,4601.5,40.0,4601.2,40.0
1768465628889,4601.49,40.0,4601.19,40.0
1768465629338,4601.5,40.0,4601.2,40.0
1768465629903,4601.49,40.0,4601.19,40.0
1768465630460,4601.5,40.0,4601.2,40.0
1768465630738,4601.4,40.0,4601.1,40.0
1768465630748,4601.32,40.0,4601.02,40.0
1768465630961,4601.21,40.0,4600.91,40.0
1768465630966,4601.11,40.0,4600.81,40.0
1768465630977,4600.98,40.0,4600.68,40.0
1768465630986,4600.93,40.0,4600.63,40.0
1768465630990,4600.89,40.0,4600.59,40.0
1768465630995,4600.76,40.0,4600.46,40.0
1768465631113,4600.74,40.0,4600.44,40.0
1768465631601,4600.71,40.0,4600.41,40.0
1768465631867,4600.7,40.0,4600.4,40.0
1768465631902,4600.84,40.0,4600.54,40.0
1768465631907,4600.94,40.0,4600.64,40.0
1768465631935,4600.99,40.0,4600.69,40.0
1768465632052,4601.04,40.0,4600.74,40.0
1768465632214,4601.12,40.0,4600.82,40.0
1768465632350,4601.16,40.0,4600.86,40.0
1768465632378,4601.3,40.0,4601.0,40.0
1768465632410,4601.39,40.0,4601.09,40.0
1768465632498,4601.5,40.0,4601.2,40.0
1768465632619,4601.68,40.0,4601.38,40.0
1768465632624,4601.69,40.0,4601.39,40.0
1768465632692,4601.87,40.0,4601.57,40.0
1768465632772,4601.79,40.0,4601.49,40.0
1768465632795,4601.68,40.0,4601.38,40.0
1768465632860,4601.75,40.0,4601.45,40.0
1768465632958,4601.89,40.0,4601.59,40.0
1768465632968,4601.94,40.0,4601.64,40.0
1768465632974,4601.97,40.0,4601.67,40.0
1768465632993,4601.98,40.0,4601.68,40.0
1768465633003,4602.05,40.0,4601.75,40.0
1768465633005,4602.2,40.0,4601.9,40.0
1768465633010,4602.26,40.0,4601.96,40.0
1768465633156,4602.35,40.0,4602.05,40.0
1768465633158,4602.37,40.0,4602.07,40.0
1768465633162,4602.49,40.0,4602.19,40.0
1768465633303,4602.45,40.0,4602.15,40.0
1768465633333,4602.55,40.0,4602.25,40.0
1768465633442,4602.62,40.0,4602.32,40.0
1768465633603,4602.72,40.0,4602.42,40.0
1768465633609,4602.79,40.0,4602.49,40.0
1768465633624,4602.83,40.0,4602.53,40.0
1768465633880,4602.81,40.0,4602.51,40.0
1768465634033,4602.76,40.0,4602.46,40.0
1768465634086,4602.69,40.0,4602.39,40.0
1768465634097,4602.63,40.0,4602.33,40.0
1768465634105,4602.62,40.0,4602.32,40.0
1768465634114,4602.5,40.0,4602.2,40.0
1768465634233,4602.49,40.0,4602.19,40.0
1768465634410,4602.58,40.0,4602.28,40.0
1768465634521,4602.54,40.0,4602.24,40.0
1768465634705,4602.5,40.0,4602.2,40.0
1768465634784,4602.43,40.0,4602.13,40.0
1768465634793,4602.31,40.0,4602.01,40.0
1768465634800,4602.21,40.0,4601.91,40.0
1768465634845,4602.06,40.0,4601.76,40.0
1768465635151,4602.03,40.0,4601.73,40.0
1768465635401,4601.98,40.0,4601.68,40.0
1768465635953,4602.0,40.0,4601.7,40.0
1768465636132,4601.99,40.0,4601.69,40.0
1768465636334,4602.01,40.0,4601.71,40.0
1768465636347,4602.13,40.0,4601.83,40.0
1768465636489,4602.2,40.0,4601.9,40.0
1768465636803,4602.26,40.0,4601.96,40.0
1768465636944,4602.25,40.0,4601.95,40.0
1768465637172,4602.24,40.0,4601.94,40.0
1768465637444,4602.25,40.0,4601.95,40.0
1768465637620,4602.24,40.0,4601.94,40.0
