timestamp,ask,ask_size,bid,bid_size
1768465013894,60.086,21000.0,60.046,21000.0
1768465014936,60.082,21000.0,60.052,21000.0
1768465016858,60.075,21000.0,60.045,21000.0
1768465016964,60.086,21000.0,60.046,21000.0
1768465017635,60.085,21000.0,60.055,21000.0
1768465017753,60.096,21000.0,60.056,21000.0
1768465017891,60.095,21000.0,60.065,21000.0
1768465018060,60.093,21000.0,60.063,21000.0
1768465018169,60.083,21000.0,60.053,21000.0
1768465019162,60.085,21000.0,60.055,21000.0
1768465020764,60.095,21000.0,60.065,21000.0
1768465020926,60.106,21000.0,60.066,21000.0
1768465021252,60.105,21000.0,60.075,21000.0
1768465022046,60.113,21000.0,60.083,21000.0
1768465022375,60.116,21000.0,60.076,21000.0
1768465022752,60.115,21000.0,60.085,21000.0
1768465023481,60.119,21000.0,60.089,21000.0
1768465025046,60.115,21000.0,60.085,21000.0
1768465027447,60.105,21000.0,60.075,21000.0
1768465028177,60.106,21000.0,60.066,21000.0
1768465028803,60.107,21000.0,60.067,21000.0
1768465030948,60.106,21000.0,60.076,21000.0
1768465031364,60.107,21000.0,60.067,21000.0
1768465031747,60.106,21000.0,60.076,21000.0
1768465031861,60.107,21000.0,60.067,21000.0
1768465032101,60.106,21000.0,60.076,21000.0
1768465032390,60.117,21000.0,60.077,21000.0
1768465032506,60.116,21000.0,60.086,21000.0
1768465033543,60.11,21000.0,60.08,21000.0
1768465034248,60.103,21000.0,60.073,21000.0
1768465034569,60.106,21000.0,60.076,21000.0
1768465034761,60.096,21000.0,60.066,21000.0
1768465034865,60.101,21000.0,60.071,21000.0
1768465035808,60.106,21000.0,60.076,21000.0
1768465036519,60.107,21000.0,60.067,21000.0
1768465036784,60.103,21000.0,60.063,21000.0
1768465037005,60.1,21000.0,60.07,21000.0
1768465037313,60.105,21000.0,60.075,21000.0
1768465038257,60.109,21000.0,60.069,21000.0
1768465038640,60.1,21000.0,60.07,21000.0
1768465039795,60.099,21000.0,60.069,21000.0
1768465039947,60.099,21000.0,60.059,21000.0
1768465040091,60.104,21000.0,60.064,21000.0
1768465040192,60.09,21000.0,60.06,21000.0
1768465040602,60.104,21000.0,60.064,21000.0
1768465041052,60.099,21000.0,60.069,21000.0
1768465041196,60.089,21000.0,60.059,21000.0
1768465041743,60.09,21000.0,60.06,21000.0
1768465042217,60.1,21000.0,60.07,21000.0
1768465042336,60.105,21000.0,60.075,21000.0
1768465045097,60.111,21000.0,60.071,21000.0
1768465045397,60.119,21000.0,60.089,21000.0
1768465047914,60.11,21000.0,60.08,21000.0
1768465049711,60.115,21000.0,60.085,21000.0
1768465050121,60.11,21000.0,60.08,21000.0
1768465050278,60.122,21000.0,60.082,21000.0
1768465050501,60.114,21000.0,60.074,21000.0
1768465050736,60.115,21000.0,60.085,21000.0
1768465051084,60.119,21000.0,60.089,21000.0
1768465051938,60.115,21000.0,60.085,21000.0
1768465052153,60.119,21000.0,60.089,21000.0
1768465052277,60.115,21000.0,60.085,21000.0
1768465053117,60.119,21000.0,60.089,21000.0
1768465053266,60.114,21000.0,60.074,21000.0
1768465053378,60.11,21000.0,60.08,21000.0
1768465053528,60.114,21000.0,60.074,21000.0
1768465053651,60.11,21000.0,60.08,21000.0
1768465054592,60.128,21000.0,60.088,21000.0
1768465055369,60.121,21000.0,60.091,21000.0
1768465055586,60.117,21000.0,60.087,21000.0
1768465056756,60.125,21000.0,60.095,21000.0
1768465057472,60.117,21000.0,60.087,21000.0
1768465057711,60.123,21000.0,60.083,21000.0
1768465057835,60.114,21000.0,60.074,21000.0
1768465057938,60.125,21000.0,60.095,21000.0
1768465058055,60.118,21000.0,60.078,21000.0
1768465058852,60.115,21000.0,60.085,21000.0
1768465059164,60.118,21000.0,60.078,21000.0
1768465059689,60.115,21000.0,60.085,21000.0
1768465059807,60.108,21000.0,60.068,21000.0
1768465060256,60.105,21000.0,60.065,21000.0
1768465060666,60.104,21000.0,60.074,21000.0
1768465060831,60.109,21000.0,60.069,21000.0
1768465061850,60.102,21000.0,60.072,21000.0
1768465068661,60.107,21000.0,60.077,21000.0
1768465068828,60.102,21000.0,60.072,21000.0
1768465069338,60.095,21000.0,60.055,21000.0
1768465069711,60.098,21000.0,60.068,21000.0
1768465069930,60.099,21000.0,60.059,21000.0
1768465070372,60.098,21000.0,60.058,21000.0
1768465071445,60.101,21000.0,60.071,21000.0
1768465075086,60.111,21000.0,60.081,21000.0
1768465075290,60.108,21000.0,60.068,21000.0
1768465076379,60.112,21000.0,60.072,21000.0
1768465076534,60.113,21000.0,60.073,21000.0
1768465077756,60.118,21000.0,60.078,21000.0
1768465078433,60.116,21000.0,60.086,21000.0
1768465078713,60.121,21000.0,60.091,21000.0
1768465079250,60.117,21000.0,60.087,21000.0
1768465079496,60.111,21000.0,60.081,21000.0
1768465080074,60.113,21000.0,60.073,21000.0
1768465081883,60.111,21000.0,60.081,21000.0
1768465082063,60.103,21000.0,60.063,21000.0
1768465082701,60.103,21000.0,60.073,21000.0
1768465083055,60.103,21000.0,60.063,21000.0
1768465084210,60.102,21000.0,60.062,21000.0
1768465084322,60.112,21000.0,60.072,21000.0
1768465084596,60.116,21000.0,60.076,21000.0
1768465084944,60.119,21000.0,60.089,21000.0
1768465086751,60.119,21000.0,60.079,21000.0
1768465087710,60.115,21000.0,60.085,21000.0
1768465087842,60.119,21000.0,60.089,21000.0
1768465090275,60.118,21000.0,60.088,21000.0
1768465093660,60.12,21000.0,60.09,21000.0
1768465094385,60.119,21000.0,60.079,21000.0
1768465095263,60.118,21000.0,60.088,21000.0
1768465096081,60.119,21000.0,60.089,21000.0
1768465097261,60.118,21000.0,60.088,21000.0
1768465097581,60.119,21000.0,60.089,21000.0
1768465099029,60.12,21000.0,60.09,21000.0
1768465101017,60.126,21000.0,60.096,21000.0
1768465101310,60.122,21000.0,60.082,21000.0
1768465101423,60.126,21000.0,60.096,21000.0
1768465103128,60.13,21000.0,60.1,21000.0
1768465104080,60.122,21000.0,60.092,21000.0
1768465104774,60.126,21000.0,60.086,21000.0
1768465105178,60.12,21000.0,60.09,21000.0
1768465105285,60.116,21000.0,60.086,21000.0
1768465105541,60.112,21000.0,60.072,21000.0
1768465107703,60.11,21000.0,60.08,21000.0
1768465107943,60.112,21000.0,60.072,21000.0
1768465109040,60.116,21000.0,60.076,21000.0
1768465109314,60.11,21000.0,60.08,21000.0
1768465109567,60.112,21000.0,60.072,21000.0
1768465109843,60.11,21000.0,60.08,21000.0
1768465110189,60.113,21000.0,60.073,21000.0
1768465110249,60.13,21000.0,60.1,21000.0
1768465113258,60.132,21000.0,60.102,21000.0
1768465113516,60.13,21000.0,60.1,21000.0
1768465113777,60.132,21000.0,60.092,21000.0
1768465113982,60.13,21000.0,60.1,21000.0
1768465115404,60.132,21000.0,60.092,21000.0
1768465116031,60.13,21000.0,60.1,21000.0
1768465116708,60.132,21000.0,60.092,21000.0
1768465116963,60.131,21000.0,60.091,21000.0
1768465117976,60.121,21000.0,60.091,21000.0
1768465118105,60.13,21000.0,60.1,21000.0
1768465118292,60.131,21000.0,60.091,21000.0
1768465120302,60.13,21000.0,60.1,21000.0
1768465120428,60.125,21000.0,60.095,21000.0
1768465120837,60.131,21000.0,60.091,21000.0
1768465123970,60.13,21000.0,60.1,21000.0
1768465124179,60.131,21000.0,60.091,21000.0
1768465127597,60.125,21000.0,60.095,21000.0
1768465128643,60.13,21000.0,60.1,21000.0
1768465130306,60.131,21000.0,60.091,21000.0
1768465131005,60.13,21000.0,60.1,21000.0
1768465134562,60.131,21000.0,60.091,21000.0
1768465134976,60.13,21000.0,60.1,21000.0
1768465135446,60.121,21000.0,60.091,21000.0
1768465136126,60.12,21000.0,60.09,21000.0
1768465136781,60.111,21000.0,60.081,21000.0
1768465137072,60.115,21000.0,60.085,21000.0
1768465137371,60.111,21000.0,60.081,21000.0
1768465137496,60.113,21000.0,60.073,21000.0
1768465137688,60.121,21000.0,60.091,21000.0
1768465137851,60.116,21000.0,60.086,21000.0
1768465138193,60.116,21000.0,60.076,21000.0
1768465138375,60.112,21000.0,60.072,21000.0
1768465138545,60.111,21000.0,60.071,21000.0
1768465140007,60.115,21000.0,60.085,21000.0
1768465140708,60.11,21000.0,60.08,21000.0
1768465143639,60.111,21000.0,60.071,21000.0
1768465144235,60.113,21000.0,60.073,21000.0
1768465144445,60.112,21000.0,60.082,21000.0
1768465144798,60.11,21000.0,60.08,21000.0
1768465145956,60.102,21000.0,60.062,21000.0
1768465146060,60.1,21000.0,60.06,21000.0
1768465146164,60.106,21000.0,60.076,21000.0
1768465146335,60.102,21000.0,60.072,21000.0
1768465146595,60.1,21000.0,60.07,21000.0
1768465147403,60.095,21000.0,60.065,21000.0
1768465147932,60.097,21000.0,60.067,21000.0
1768465148204,60.101,21000.0,60.071,21000.0
1768465149417,60.093,21000.0,60.063,21000.0
1768465150554,60.087,21000.0,60.057,21000.0
1768465150781,60.091,21000.0,60.061,21000.0
1768465151145,60.087,21000.0,60.057,21000.0
1768465151535,60.083,21000.0,60.043,21000.0
1768465151733,60.087,21000.0,60.057,21000.0
1768465151991,60.083,21000.0,60.053,21000.0
1768465152257,60.087,21000.0,60.057,21000.0
1768465152450,60.087,21000.0,60.047,21000.0
1768465153934,60.093,21000.0,60.053,21000.0
1768465155076,60.103,21000.0,60.073,21000.0
1768465155335,60.106,21000.0,60.066,21000.0
1768465155702,60.105,21000.0,60.075,21000.0
1768465155818,60.113,21000.0,60.083,21000.0
1768465158165,60.12,21000.0,60.08,21000.0
1768465158298,60.118,21000.0,60.088,21000.0
1768465158519,60.116,21000.0,60.076,21000.0
1768465158678,60.115,21000.0,60.085,21000.0
1768465158788,60.119,21000.0,60.089,21000.0
1768465159773,60.126,21000.0,60.086,21000.0
1768465160599,60.125,21000.0,60.095,21000.0
1768465161047,60.126,21000.0,60.086,21000.0
1768465161184,60.123,21000.0,60.093,21000.0
1768465161982,60.13,21000.0,60.09,21000.0
1768465162485,60.129,21000.0,60.099,21000.0
1768465162981,60.133,21000.0,60.103,21000.0
1768465163333,60.129,21000.0,60.099,21000.0
1768465163518,60.127,21000.0,60.097,21000.0
1768465166278,60.131,21000.0,60.091,21000.0
1768465167122,60.127,21000.0,60.097,21000.0
1768465167486,60.131,21000.0,60.091,21000.0
1768465167828,60.127,21000.0,60.097,21000.0
1768465168238,60.137,21000.0,60.097,21000.0
1768465169994,60.141,21000.0,60.101,21000.0
1768465170251,60.142,21000.0,60.112,21000.0
1768465170369,60.147,21000.0,60.107,21000.0
1768465170901,60.143,21000.0,60.103,21000.0
1768465175973,60.136,21000.0,60.106,21000.0
1768465176086,60.143,21000.0,60.103,21000.0
1768465176312,60.137,21000.0,60.107,21000.0
1768465176488,60.142,21000.0,60.112,21000.0
1768465177212,60.14,21000.0,60.11,21000.0
1768465178019,60.148,21000.0,60.118,21000.0
1768465178842,60.142,21000.0,60.112,21000.0
1768465180365,60.137,21000.0,60.107,21000.0
1768465182138,60.134,21000.0,60.104,21000.0
1768465182723,60.132,21000.0,60.092,21000.0
1768465183714,60.135,21000.0,60.105,21000.0
1768465184630,60.132,21000.0,60.102,21000.0
1768465186669,60.128,21000.0,60.098,21000.0
1768465186791,60.132,21000.0,60.102,21000.0
1768465188061,60.124,21000.0,60.084,21000.0
1768465188524,60.126,21000.0,60.096,21000.0
1768465188996,60.131,21000.0,60.101,21000.0
1768465189831,60.126,21000.0,60.096,21000.0
1768465189956,60.131,21000.0,60.101,21000.0
1768465192471,60.123,21000.0,60.083,21000.0
1768465192867,60.131,21000.0,60.101,21000.0
1768465193216,60.121,21000.0,60.091,21000.0
1768465193650,60.123,21000.0,60.083,21000.0
1768465194739,60.126,21000.0,60.096,21000.0
1768465195722,60.131,21000.0,60.101,21000.0
1768465196457,60.133,21000.0,60.103,21000.0
1768465197989,60.129,21000.0,60.089,21000.0
1768465198908,60.125,21000.0,60.085,21000.0
1768465200103,60.128,21000.0,60.098,21000.0
1768465202600,60.133,21000.0,60.103,21000.0
1768465202999,60.125,21000.0,60.085,21000.0
1768465204547,60.124,21000.0,60.094,21000.0
1768465204917,60.134,21000.0,60.104,21000.0
1768465205074,60.128,21000.0,60.098,21000.0
1768465205202,60.135,21000.0,60.095,21000.0
1768465206869,60.129,21000.0,60.089,21000.0
1768465207029,60.128,21000.0,60.098,21000.0
1768465207416,60.124,21000.0,60.094,21000.0
1768465207627,60.128,21000.0,60.098,21000.0
1768465208633,60.135,21000.0,60.095,21000.0
1768465209055,60.133,21000.0,60.103,21000.0
1768465210870,60.128,21000.0,60.098,21000.0
1768465212517,60.135,21000.0,60.095,21000.0
1768465213241,60.133,21000.0,60.103,21000.0
1768465213789,60.128,21000.0,60.098,21000.0
1768465214064,60.133,21000.0,60.103,21000.0
1768465215059,60.135,21000.0,60.095,21000.0
1768465215751,60.132,21000.0,60.102,21000.0
1768465216130,60.128,21000.0,60.098,21000.0
1768465216238,60.124,21000.0,60.084,21000.0
1768465216977,60.123,21000.0,60.093,21000.0
1768465217213,60.122,21000.0,60.092,21000.0
1768465219123,60.122,21000.0,60.082,21000.0
1768465220493,60.102,21000.0,60.062,21000.0
1768465220643,60.11,21000.0,60.08,21000.0
1768465220982,60.112,21000.0,60.082,21000.0
1768465221955,60.112,21000.0,60.072,21000.0
1768465222094,60.102,21000.0,60.072,21000.0
1768465224166,60.102,21000.0,60.062,21000.0
1768465224968,60.092,21000.0,60.062,21000.0
1768465225521,60.091,21000.0,60.061,21000.0
1768465226555,60.092,21000.0,60.052,21000.0
1768465226731,60.099,21000.0,60.069,21000.0
1768465227320,60.091,21000.0,60.061,21000.0
1768465227562,60.095,21000.0,60.065,21000.0
1768465227662,60.091,21000.0,60.061,21000.0
1768465227778,60.095,21000.0,60.065,21000.0
1768465228123,60.091,21000.0,60.061,21000.0
1768465228866,60.096,21000.0,60.066,21000.0
1768465229245,60.092,21000.0,60.062,21000.0
1768465230837,60.09,21000.0,60.06,21000.0
1768465231697,60.092,21000.0,60.062,21000.0
1768465232024,60.092,21000.0,60.052,21000.0
1768465232659,60.092,21000.0,60.062,21000.0
1768465233783,60.09,21000.0,60.06,21000.0
1768465234356,60.081,21000.0,60.051,21000.0
1768465234751,60.082,21000.0,60.052,21000.0
1768465235291,60.081,21000.0,60.051,21000.0
1768465236995,60.071,21000.0,60.041,21000.0
1768465237150,60.063,21000.0,60.023,21000.0
1768465237493,60.061,21000.0,60.031,21000.0
1768465237859,60.053,21000.0,60.013,21000.0
1768465238516,60.061,21000.0,60.031,21000.0
1768465239219,60.052,21000.0,60.022,21000.0
1768465239612,60.052,21000.0,60.012,21000.0
1768465239870,60.05,21000.0,60.02,21000.0
1768465240255,60.046,21000.0,60.016,21000.0
1768465240437,60.042,21000.0,60.012,21000.0
1768465240709,60.042,21000.0,60.002,21000.0
1768465240976,60.046,21000.0,60.016,21000.0
1768465241096,60.052,21000.0,60.022,21000.0
1768465241610,60.056,21000.0,60.026,21000.0
1768465242137,60.052,21000.0,60.022,21000.0
1768465242923,60.06,21000.0,60.03,21000.0
1768465243037,60.056,21000.0,60.026,21000.0
1768465243318,60.052,21000.0,60.012,21000.0
1768465245176,60.056,21000.0,60.016,21000.0
1768465246316,60.062,21000.0,60.032,21000.0
1768465246418,60.053,21000.0,60.023,21000.0
1768465247222,60.052,21000.0,60.022,21000.0
1768465250267,60.058,21000.0,60.018,21000.0
1768465251448,60.056,21000.0,60.026,21000.0
1768465251638,60.058,21000.0,60.018,21000.0
1768465252479,60.055,21000.0,60.025,21000.0
1768465256010,60.071,21000.0,60.031,21000.0
1768465257562,60.065,21000.0,60.035,21000.0
1768465258107,60.075,21000.0,60.045,21000.0
1768465258213,60.066,21000.0,60.036,21000.0
1768465260264,60.075,21000.0,60.045,21000.0
1768465260378,60.076,21000.0,60.046,21000.0
1768465261296,60.08,21000.0,60.05,21000.0
1768465262108,60.086,21000.0,60.046,21000.0
1768465262210,60.071,21000.0,60.031,21000.0
1768465264460,60.076,21000.0,60.036,21000.0
1768465264893,60.07,21000.0,60.04,21000.0
1768465265199,60.069,21000.0,60.039,21000.0
1768465265307,60.065,21000.0,60.035,21000.0
1768465265664,60.071,21000.0,60.031,21000.0
1768465265773,60.06,21000.0,60.03,21000.0
1768465265905,60.065,21000.0,60.035,21000.0
1768465266187,60.058,21000.0,60.028,21000.0
1768465266529,60.054,21000.0,60.024,21000.0
1768465267104,60.058,21000.0,60.028,21000.0
1768465268642,60.063,21000.0,60.023,21000.0
1768465270901,60.06,21000.0,60.03,21000.0
1768465271014,60.068,21000.0,60.038,21000.0
1768465271389,60.073,21000.0,60.033,21000.0
1768465271955,60.063,21000.0,60.023,21000.0
1768465273094,60.06,21000.0,60.03,21000.0
1768465274323,60.063,21000.0,60.023,21000.0
1768465274529,60.05,21000.0,60.02,21000.0
1768465274703,60.053,21000.0,60.013,21000.0
1768465276629,60.048,21000.0,60.018,21000.0
1768465276832,60.053,21000.0,60.013,21000.0
1768465279032,60.048,21000.0,60.018,21000.0
1768465280498,60.053,21000.0,60.013,21000.0
1768465281153,60.056,21000.0,60.016,21000.0
1768465283199,60.052,21000.0,60.022,21000.0
1768465284968,60.062,21000.0,60.022,21000.0
1768465286016,60.068,21000.0,60.038,21000.0
1768465290790,60.074,21000.0,60.044,21000.0
1768465290926,60.08,21000.0,60.05,21000.0
1768465292679,60.092,21000.0,60.052,21000.0
1768465293060,60.088,21000.0,60.058,21000.0
1768465293179,60.092,21000.0,60.052,21000.0
1768465294717,60.088,21000.0,60.058,21000.0
1768465295699,60.098,21000.0,60.058,21000.0
1768465295988,60.093,21000.0,60.063,21000.0
1768465296885,60.098,21000.0,60.068,21000.0
1768465297220,60.114,21000.0,60.074,21000.0
1768465298119,60.107,21000.0,60.077,21000.0
1768465298958,60.114,21000.0,60.074,21000.0
1768465299965,60.11,21000.0,60.07,21000.0
1768465300005,60.084,21000.0,60.044,21000.0
1768465300180,60.077,21000.0,60.047,21000.0
1768465303974,60.079,21000.0,60.049,21000.0
1768465304979,60.081,21000.0,60.051,21000.0
1768465306893,60.091,21000.0,60.051,21000.0
1768465308335,60.088,21000.0,60.048,21000.0
1768465308775,60.091,21000.0,60.051,21000.0
1768465309333,60.088,21000.0,60.048,21000.0
1768465311213,60.09,21000.0,60.05,21000.0
1768465313586,60.077,21000.0,60.047,21000.0
1768465314569,60.087,21000.0,60.057,21000.0
1768465314674,60.09,21000.0,60.05,21000.0
1768465315673,60.091,21000.0,60.061,21000.0
1768465315774,60.102,21000.0,60.072,21000.0
1768465316135,60.111,21000.0,60.081,21000.0
1768465318389,60.104,21000.0,60.074,21000.0
1768465319649,60.108,21000.0,60.078,21000.0
1768465319847,60.115,21000.0,60.075,21000.0
1768465321153,60.097,21000.0,60.057,21000.0
1768465321792,60.09,21000.0,60.06,21000.0
1768465323349,60.098,21000.0,60.068,21000.0
1768465323932,60.097,21000.0,60.057,21000.0
1768465324496,60.094,21000.0,60.064,21000.0
1768465324978,60.098,21000.0,60.068,21000.0
1768465325570,60.107,21000.0,60.067,21000.0
1768465326019,60.1,21000.0,60.07,21000.0
1768465326403,60.108,21000.0,60.078,21000.0
1768465327301,60.104,21000.0,60.074,21000.0
1768465328158,60.111,21000.0,60.081,21000.0
1768465328532,60.119,21000.0,60.079,21000.0
1768465329261,60.144,21000.0,60.104,21000.0
1768465329341,60.121,21000.0,60.091,21000.0
1768465330818,60.116,21000.0,60.086,21000.0
1768465331647,60.121,21000.0,60.091,21000.0
1768465333205,60.119,21000.0,60.079,21000.0
1768465333654,60.121,21000.0,60.081,21000.0
1768465333768,60.122,21000.0,60.092,21000.0
1768465334340,60.131,21000.0,60.091,21000.0
1768465335313,60.122,21000.0,60.092,21000.0
1768465337909,60.131,21000.0,60.091,21000.0
1768465338202,60.122,21000.0,60.092,21000.0
1768465339384,60.117,21000.0,60.087,21000.0
1768465340065,60.121,21000.0,60.081,21000.0
1768465340245,60.112,21000.0,60.082,21000.0
1768465340823,60.102,21000.0,60.072,21000.0
1768465341844,60.103,21000.0,60.073,21000.0
1768465342085,60.107,21000.0,60.077,21000.0
1768465343000,60.115,21000.0,60.075,21000.0
1768465343127,60.107,21000.0,60.077,21000.0
1768465343240,60.115,21000.0,60.075,21000.0
1768465345416,60.112,21000.0,60.082,21000.0
1768465346182,60.121,21000.0,60.081,21000.0
1768465347034,60.123,21000.0,60.083,21000.0
1768465348304,60.113,21000.0,60.083,21000.0
1768465349986,60.104,21000.0,60.074,21000.0
1768465350533,60.113,21000.0,60.073,21000.0
1768465351002,60.094,21000.0,60.064,21000.0
1768465351118,60.103,21000.0,60.063,21000.0
1768465354579,60.093,21000.0,60.063,21000.0
1768465356085,60.103,21000.0,60.063,21000.0
1768465357270,60.093,21000.0,60.063,21000.0
1768465358392,60.103,21000.0,60.063,21000.0
1768465358741,60.089,21000.0,60.059,21000.0
1768465358850,60.097,21000.0,60.057,21000.0
1768465359186,60.093,21000.0,60.053,21000.0
1768465361140,60.091,21000.0,60.051,21000.0
1768465361632,60.079,21000.0,60.049,21000.0
1768465362460,60.083,21000.0,60.043,21000.0
1768465363697,60.087,21000.0,60.047,21000.0
1768465364914,60.074,21000.0,60.044,21000.0
1768465367122,60.083,21000.0,60.043,21000.0
1768465367373,60.073,21000.0,60.043,21000.0
1768465368657,60.073,21000.0,60.033,21000.0
1768465368776,60.067,21000.0,60.027,21000.0
1768465369424,60.057,21000.0,60.017,21000.0
1768465369529,60.067,21000.0,60.027,21000.0
1768465371216,60.063,21000.0,60.033,21000.0
1768465371609,60.073,21000.0,60.033,21000.0
1768465372678,60.073,21000.0,60.043,21000.0
1768465374576,60.081,21000.0,60.041,21000.0
1768465377069,60.077,21000.0,60.037,21000.0
1768465377466,60.081,21000.0,60.041,21000.0
1768465377818,60.063,21000.0,60.033,21000.0
1768465377968,60.071,21000.0,60.031,21000.0
1768465378110,60.067,21000.0,60.027,21000.0
1768465379378,60.071,21000.0,60.031,21000.0
1768465379535,60.067,21000.0,60.027,21000.0
1768465379638,60.063,21000.0,60.023,21000.0
1768465380260,60.071,21000.0,60.031,21000.0
1768465380816,60.063,21000.0,60.023,21000.0
1768465381947,60.063,21000.0,60.033,21000.0
1768465382130,60.071,21000.0,60.031,21000.0
1768465382606,60.068,21000.0,60.028,21000.0
1768465383944,60.059,21000.0,60.019,21000.0
1768465384175,60.05,21000.0,60.02,21000.0
1768465384674,60.059,21000.0,60.019,21000.0
1768465387030,60.056,21000.0,60.026,21000.0
1768465387463,60.063,21000.0,60.023,21000.0
1768465388170,60.053,21000.0,60.023,21000.0
1768465389353,60.071,21000.0,60.031,21000.0
1768465389547,60.053,21000.0,60.023,21000.0
1768465391924,60.065,21000.0,60.025,21000.0
1768465392468,60.053,21000.0,60.023,21000.0
1768465393012,60.062,21000.0,60.022,21000.0
1768465395998,60.058,21000.0,60.028,21000.0
1768465396231,60.081,21000.0,60.041,21000.0
1768465396831,60.073,21000.0,60.043,21000.0
1768465397703,60.081,21000.0,60.041,21000.0
1768465398117,60.073,21000.0,60.043,21000.0
1768465398448,60.071,21000.0,60.041,21000.0
1768465398613,60.081,21000.0,60.041,21000.0
1768465399048,60.077,21000.0,60.037,21000.0
1768465399463,60.081,21000.0,60.041,21000.0
1768465399567,60.091,21000.0,60.051,21000.0
1768465400443,60.083,21000.0,60.053,21000.0
1768465402196,60.097,21000.0,60.057,21000.0
1768465402674,60.094,21000.0,60.054,21000.0
1768465403421,60.09,21000.0,60.05,21000.0
1768465404017,60.082,21000.0,60.052,21000.0
1768465404429,60.086,21000.0,60.056,21000.0
1768465407468,60.09,21000.0,60.05,21000.0
1768465408010,60.081,21000.0,60.051,21000.0
1768465408567,60.088,21000.0,60.048,21000.0
1768465409433,60.08,21000.0,60.04,21000.0
1768465410460,60.071,21000.0,60.041,21000.0
1768465413060,60.07,21000.0,60.03,21000.0
1768465413164,60.051,21000.0,60.021,21000.0
1768465413283,60.058,21000.0,60.018,21000.0
1768465414086,60.045,21000.0,60.015,21000.0
1768465415552,60.031,21000.0,60.001,21000.0
1768465415668,60.029,21000.0,59.989,21000.0
1768465415887,60.038,21000.0,59.998,21000.0
1768465416004,60.03,21000.0,59.99,21000.0
1768465416443,60.038,21000.0,59.998,21000.0
1768465416694,60.025,21000.0,59.995,21000.0
1768465416815,60.021,21000.0,59.991,21000.0
1768465417495,60.028,21000.0,59.988,21000.0
1768465417795,60.021,21000.0,59.991,21000.0
1768465419114,60.015,21000.0,59.985,21000.0
1768465419220,60.024,21000.0,59.984,21000.0
1768465420330,60.011,21000.0,59.981,21000.0
1768465420629,60.03,21000.0,59.99,21000.0
1768465420820,60.025,21000.0,59.985,21000.0
1768465421223,60.016,21000.0,59.986,21000.0
1768465422221,60.018,21000.0,59.988,21000.0
1768465422313,60.003,21000.0,59.973,21000.0
1768465422444,60.008,21000.0,59.978,21000.0
1768465422701,60.017,21000.0,59.977,21000.0
1768465423397,60.022,21000.0,59.982,21000.0
1768465424060,60.008,21000.0,59.978,21000.0
1768465425249,60.01,21000.0,59.98,21000.0
1768465425552,60.012,21000.0,59.982,21000.0
1768465425857,60.022,21000.0,59.982,21000.0
1768465426543,60.014,21000.0,59.984,21000.0
1768465426807,60.022,21000.0,59.982,21000.0
1768465427002,60.014,21000.0,59.984,21000.0
1768465427642,60.028,21000.0,59.988,21000.0
1768465427913,60.018,21000.0,59.988,21000.0
1768465428074,60.024,21000.0,59.994,21000.0
1768465430155,60.032,21000.0,59.992,21000.0
1768465431190,60.024,21000.0,59.994,21000.0
1768465431981,60.032,21000.0,59.992,21000.0
1768465433299,60.022,21000.0,59.992,21000.0
1768465433664,60.032,21000.0,59.992,21000.0
1768465433935,60.012,21000.0,59.982,21000.0
1768465434064,60.008,21000.0,59.978,21000.0
1768465435103,60.012,21000.0,59.982,21000.0
1768465435651,60.022,21000.0,59.982,21000.0
1768465436230,60.023,21000.0,59.983,21000.0
1768465436420,60.013,21000.0,59.983,21000.0
1768465437652,60.014,21000.0,59.984,21000.0
1768465437781,60.023,21000.0,59.983,21000.0
1768465440696,60.004,21000.0,59.974,21000.0
1768465441262,60.012,21000.0,59.982,21000.0
1768465442787,60.008,21000.0,59.978,21000.0
1768465444225,60.013,21000.0,59.983,21000.0
1768465444557,60.008,21000.0,59.978,21000.0
1768465445171,60.004,21000.0,59.974,21000.0
1768465445603,60.008,21000.0,59.978,21000.0
1768465446176,60.004,21000.0,59.974,21000.0
1768465446551,60.003,21000.0,59.973,21000.0
1768465448560,59.998,21000.0,59.968,21000.0
1768465449062,59.994,21000.0,59.964,21000.0
1768465449554,60.013,21000.0,59.973,21000.0
1768465450493,60.004,21000.0,59.974,21000.0
1768465450891,60.008,21000.0,59.978,21000.0
1768465451010,60.007,21000.0,59.977,21000.0
1768465451116,60.003,21000.0,59.973,21000.0
1768465451856,60.007,21000.0,59.977,21000.0
1768465452179,60.016,21000.0,59.976,21000.0
1768465452660,60.011,21000.0,59.981,21000.0
1768465454445,60.009,21000.0,59.979,21000.0
1768465455245,60.01,21000.0,59.98,21000.0
1768465455662,60.019,21000.0,59.979,21000.0
1768465458814,60.01,21000.0,59.98,21000.0
1768465459113,60.021,21000.0,59.981,21000.0
1768465460600,60.013,21000.0,59.983,21000.0
1768465461004,60.017,21000.0,59.987,21000.0
1768465463547,60.022,21000.0,59.982,21000.0
1768465464899,60.023,21000.0,59.983,21000.0
1768465465103,60.014,21000.0,59.984,21000.0
1768465465727,60.023,21000.0,59.983,21000.0
1768465467458,60.018,21000.0,59.988,21000.0
1768465469583,60.019,21000.0,59.979,21000.0
1768465469739,60.008,21000.0,59.978,21000.0
1768465470248,60.014,21000.0,59.974,21000.0
1768465470388,60.018,21000.0,59.978,21000.0
1768465470995,60.013,21000.0,59.983,21000.0
1768465472145,60.009,21000.0,59.979,21000.0
1768465473916,60.008,21000.0,59.978,21000.0
1768465474200,60.017,21000.0,59.977,21000.0
1768465476054,60.018,21000.0,59.978,21000.0
1768465476518,60.024,21000.0,59.984,21000.0
1768465476728,60.023,21000.0,59.993,21000.0
1768465477093,60.024,21000.0,59.984,21000.0
1768465477314,60.023,21000.0,59.993,21000.0
1768465477723,60.019,21000.0,59.989,21000.0
1768465478005,60.02,21000.0,59.99,21000.0
1768465478258,60.029,21000.0,59.999,21000.0
1768465481847,60.04,21000.0,60.0,21000.0
1768465482062,60.034,21000.0,60.004,21000.0
1768465482262,60.029,21000.0,59.999,21000.0
1768465483851,60.04,21000.0,60.0,21000.0
1768465484282,60.044,21000.0,60.004,21000.0
1768465486086,60.034,21000.0,60.004,21000.0
1768465486744,60.035,21000.0,60.005,21000.0
1768465489418,60.044,21000.0,60.004,21000.0
1768465499081,60.043,21000.0,60.013,21000.0
1768465499196,60.039,21000.0,60.009,21000.0
1768465499740,60.048,21000.0,60.008,21000.0
1768465500021,60.044,21000.0,60.004,21000.0
1768465502271,60.035,21000.0,60.005,21000.0
1768465502934,60.039,21000.0,60.009,21000.0
1768465503077,60.044,21000.0,60.004,21000.0
1768465505862,60.035,21000.0,60.005,21000.0
1768465506054,60.039,21000.0,60.009,21000.0
1768465506892,60.05,21000.0,60.01,21000.0
1768465507960,60.054,21000.0,60.014,21000.0
1768465510732,60.045,21000.0,60.015,21000.0
1768465510854,60.054,21000.0,60.014,21000.0
1768465512343,60.045,21000.0,60.015,21000.0
1768465513716,60.054,21000.0,60.014,21000.0
1768465515372,60.045,21000.0,60.015,21000.0
1768465515499,60.064,21000.0,60.034,21000.0
1768465517294,60.059,21000.0,60.029,21000.0
1768465519581,60.055,21000.0,60.025,21000.0
1768465520450,60.064,21000.0,60.024,21000.0
1768465520991,60.055,21000.0,60.025,21000.0
1768465521878,60.064,21000.0,60.024,21000.0
1768465522737,60.059,21000.0,60.029,21000.0
1768465523846,60.055,21000.0,60.025,21000.0
1768465524063,60.068,21000.0,60.028,21000.0
1768465524850,60.054,21000.0,60.014,21000.0
1768465525213,60.044,21000.0,60.014,21000.0
1768465525411,60.054,21000.0,60.024,21000.0
1768465526150,60.049,21000.0,60.019,21000.0
1768465526460,60.058,21000.0,60.018,21000.0
1768465526605,60.054,21000.0,60.014,21000.0
1768465526968,60.044,21000.0,60.014,21000.0
1768465527228,60.054,21000.0,60.014,21000.0
1768465527914,60.044,21000.0,60.014,21000.0
1768465529585,60.034,21000.0,60.004,21000.0
1768465531642,60.024,21000.0,59.984,21000.0
1768465531757,60.034,21000.0,59.994,21000.0
1768465531975,60.024,21000.0,59.994,21000.0
1768465532293,60.034,21000.0,59.994,21000.0
1768465532459,60.029,21000.0,59.999,21000.0
1768465532702,60.038,21000.0,59.998,21000.0
1768465532880,60.034,21000.0,60.004,21000.0
1768465533472,60.034,21000.0,59.994,21000.0
1768465533576,60.038,21000.0,59.998,21000.0
1768465533737,60.034,21000.0,59.994,21000.0
1768465533855,60.038,21000.0,59.998,21000.0
1768465534153,60.034,21000.0,59.994,21000.0
1768465534458,60.029,21000.0,59.999,21000.0
1768465535090,60.034,21000.0,59.994,21000.0
1768465535636,60.029,21000.0,59.999,21000.0
1768465536101,60.034,21000.0,59.994,21000.0
1768465537281,60.034,21000.0,60.004,21000.0
1768465538843,60.034,21000.0,59.994,21000.0
1768465539585,60.034,21000.0,60.004,21000.0
1768465541113,60.035,21000.0,60.005,21000.0
1768465541390,60.044,21000.0,60.004,21000.0
1768465543033,60.034,21000.0,60.004,21000.0
1768465545135,60.029,21000.0,59.999,21000.0
1768465545416,60.034,21000.0,60.004,21000.0
1768465545779,60.044,21000.0,60.004,21000.0
1768465546286,60.034,21000.0,60.004,21000.0
1768465547074,60.025,21000.0,59.995,21000.0
1768465548622,60.019,21000.0,59.989,21000.0
1768465549402,60.024,21000.0,59.984,21000.0
1768465549617,60.014,21000.0,59.984,21000.0
1768465550023,60.004,21000.0,59.974,21000.0
1768465550537,60.014,21000.0,59.974,21000.0
1768465553627,60.004,21000.0,59.974,21000.0
1768465554443,60.014,21000.0,59.974,21000.0
1768465555204,60.004,21000.0,59.974,21000.0
1768465556260,60.014,21000.0,59.974,21000.0
1768465556615,60.005,21000.0,59.975,21000.0
1768465558864,60.004,21000.0,59.974,21000.0
1768465559861,60.014,21000.0,59.974,21000.0
1768465560004,60.004,21000.0,59.974,21000.0
1768465561958,59.994,21000.0,59.964,21000.0
1768465562961,60.003,21000.0,59.963,21000.0
1768465564246,59.993,21000.0,59.963,21000.0
1768465564634,60.003,21000.0,59.963,21000.0
1768465565128,60.003,21000.0,59.973,21000.0
1768465565320,60.014,21000.0,59.974,21000.0
1768465565559,60.004,21000.0,59.964,21000.0
1768465565747,59.995,21000.0,59.965,21000.0
1768465565895,60.008,21000.0,59.968,21000.0
1768465566008,60.003,21000.0,59.973,21000.0
1768465567065,60.008,21000.0,59.968,21000.0
1768465567778,60.004,21000.0,59.964,21000.0
1768465568592,59.995,21000.0,59.965,21000.0
1768465568920,59.993,21000.0,59.963,21000.0
1768465574107,59.984,21000.0,59.954,21000.0
1768465575070,59.993,21000.0,59.963,21000.0
1768465576990,59.984,21000.0,59.954,21000.0
1768465577889,59.993,21000.0,59.963,21000.0
1768465578831,59.989,21000.0,59.959,21000.0
1768465579003,59.984,21000.0,59.954,21000.0
1768465579458,59.993,21000.0,59.953,21000.0
1768465580785,59.994,21000.0,59.954,21000.0
1768465583438,59.983,21000.0,59.953,21000.0
1768465584465,59.994,21000.0,59.954,21000.0
1768465585863,59.983,21000.0,59.953,21000.0
1768465586415,59.973,21000.0,59.943,21000.0
1768465586548,59.984,21000.0,59.944,21000.0
1768465586786,59.973,21000.0,59.943,21000.0
1768465586895,59.975,21000.0,59.945,21000.0
1768465587046,59.973,21000.0,59.943,21000.0
1768465587150,59.969,21000.0,59.939,21000.0
1768465587452,59.973,21000.0,59.943,21000.0
1768465588273,59.969,21000.0,59.939,21000.0
1768465589763,59.968,21000.0,59.938,21000.0
1768465589994,59.967,21000.0,59.937,21000.0
1768465591514,59.962,21000.0,59.932,21000.0
1768465592561,59.972,21000.0,59.932,21000.0
1768465593338,59.977,21000.0,59.937,21000.0
1768465593779,59.972,21000.0,59.942,21000.0
1768465595422,59.981,21000.0,59.941,21000.0
1768465595756,59.972,21000.0,59.932,21000.0
1768465596080,59.962,21000.0,59.932,21000.0
1768465598291,59.96,21000.0,59.93,21000.0
1768465601998,59.97,21000.0,59.93,21000.0
1768465602959,59.978,21000.0,59.938,21000.0
1768465603516,59.96,21000.0,59.93,21000.0
1768465604597,59.974,21000.0,59.934,21000.0
1768465605011,59.97,21000.0,59.93,21000.0
1768465606258,59.96,21000.0,59.93,21000.0
1768465606856,59.956,21000.0,59.926,21000.0
1768465607999,59.952,21000.0,59.922,21000.0
1768465608972,59.949,21000.0,59.919,21000.0
1768465609166,59.944,21000.0,59.914,21000.0
1768465609604,59.949,21000.0,59.909,21000.0
1768465609767,59.938,21000.0,59.908,21000.0
1768465610320,59.943,21000.0,59.913,21000.0
1768465610546,59.934,21000.0,59.904,21000.0
1768465610808,59.943,21000.0,59.913,21000.0
1768465610964,59.934,21000.0,59.904,21000.0
1768465611071,59.938,21000.0,59.908,21000.0
1768465611616,59.934,21000.0,59.904,21000.0
1768465611918,59.93,21000.0,59.9,21000.0
1768465612149,59.934,21000.0,59.904,21000.0
1768465613007,59.93,21000.0,59.9,21000.0
1768465613294,59.933,21000.0,59.893,21000.0
1768465613872,59.93,21000.0,59.9,21000.0
1768465614161,59.926,21000.0,59.896,21000.0
1768465614354,59.927,21000.0,59.897,21000.0
1768465614471,59.926,21000.0,59.896,21000.0
1768465614633,59.924,21000.0,59.884,21000.0
1768465615087,59.926,21000.0,59.896,21000.0
1768465615198,59.936,21000.0,59.906,21000.0
1768465615528,59.934,21000.0,59.894,21000.0
1768465616092,59.926,21000.0,59.896,21000.0
1768465616194,59.934,21000.0,59.894,21000.0
1768465619158,59.932,21000.0,59.902,21000.0
1768465619397,59.936,21000.0,59.906,21000.0
1768465619774,59.924,21000.0,59.884,21000.0
1768465619901,59.922,21000.0,59.892,21000.0
1768465620036,59.927,21000.0,59.897,21000.0
1768465620153,59.93,21000.0,59.9,21000.0
1768465620396,59.95,21000.0,59.91,21000.0
1768465620899,59.942,21000.0,59.912,21000.0
1768465621213,59.946,21000.0,59.916,21000.0
1768465622221,59.95,21000.0,59.91,21000.0
1768465622500,59.96,21000.0,59.92,21000.0
1768465622719,59.966,21000.0,59.936,21000.0
1768465622942,59.962,21000.0,59.932,21000.0
1768465623100,59.952,21000.0,59.922,21000.0
1768465623963,59.95,21000.0,59.91,21000.0
1768465624500,59.954,21000.0,59.914,21000.0
1768465625203,59.956,21000.0,59.926,21000.0
1768465625809,59.96,21000.0,59.93,21000.0
1768465625974,59.955,21000.0,59.915,21000.0
1768465627492,59.945,21000.0,59.905,21000.0
1768465627903,59.95,21000.0,59.91,21000.0
1768465628644,59.953,21000.0,59.913,21000.0
1768465628946,59.954,21000.0,59.924,21000.0
1768465629071,59.959,21000.0,59.919,21000.0
1768465629767,59.953,21000.0,59.923,21000.0
1768465630893,59.959,21000.0,59.919,21000.0
1768465630993,59.953,21000.0,59.923,21000.0
1768465633485,59.967,21000.0,59.927,21000.0
1768465633656,59.958,21000.0,59.928,21000.0
1768465633820,59.971,21000.0,59.931,21000.0
1768465634561,59.958,21000.0,59.928,21000.0
1768465634690,59.967,21000.0,59.927,21000.0
1768465636009,59.958,21000.0,59.928,21000.0
1768465639346,59.968,21000.0,59.928,21000.0
1768465639632,59.959,21000.0,59.929,21000.0
1768465640117,59.958,21000.0,59.918,21000.0
1768465640696,59.951,21000.0,59.921,21000.0
1768465644521,59.955,21000.0,59.925,21000.0
1768465646709,59.951,21000.0,59.921,21000.0
1768465646974,59.958,21000.0,59.918,21000.0
1768465647489,59.949,21000.0,59.919,21000.0
1768465647888,59.939,21000.0,59.909,21000.0
1768465648506,59.929,21000.0,59.899,21000.0
1768465649385,59.921,21000.0,59.891,21000.0
1768465651419,59.927,21000.0,59.897,21000.0
1768465651546,59.94,21000.0,59.9,21000.0
1768465651729,59.931,21000.0,59.901,21000.0
1768465652002,59.94,21000.0,59.9,21000.0
1768465652291,59.932,21000.0,59.902,21000.0
1768465653093,59.942,21000.0,59.902,21000.0
1768465653244,59.928,21000.0,59.898,21000.0
1768465653809,59.942,21000.0,59.902,21000.0
1768465653940,59.932,21000.0,59.902,21000.0
1768465654313,59.924,21000.0,59.894,21000.0
1768465654606,59.932,21000.0,59.892,21000.0
1768465654749,59.914,21000.0,59.884,21000.0
1768465655100,59.902,21000.0,59.872,21000.0
1768465655691,59.904,21000.0,59.874,21000.0
1768465656446,59.913,21000.0,59.873,21000.0
1768465656867,59.902,21000.0,59.872,21000.0
1768465657316,59.921,21000.0,59.881,21000.0
1768465657933,59.902,21000.0,59.872,21000.0
1768465658102,59.907,21000.0,59.877,21000.0
1768465658424,59.916,21000.0,59.876,21000.0
1768465658728,59.921,21000.0,59.891,21000.0
1768465658848,59.931,21000.0,59.891,21000.0
1768465659390,59.912,21000.0,59.882,21000.0
1768465659678,59.911,21000.0,59.881,21000.0
1768465659792,59.912,21000.0,59.882,21000.0
1768465663919,59.916,21000.0,59.876,21000.0
1768465664115,59.902,21000.0,59.872,21000.0
1768465664896,59.921,21000.0,59.881,21000.0
1768465666837,59.922,21000.0,59.882,21000.0
1768465668026,59.931,21000.0,59.891,21000.0
1768465668299,59.921,21000.0,59.891,21000.0
1768465668494,59.912,21000.0,59.882,21000.0
1768465668818,59.921,21000.0,59.881,21000.0
1768465669114,59.916,21000.0,59.876,21000.0
1768465670874,59.902,21000.0,59.872,21000.0
1768465671703,59.907,21000.0,59.877,21000.0
1768465672222,59.903,21000.0,59.873,21000.0
1768465672798,59.913,21000.0,59.873,21000.0
1768465673538,59.908,21000.0,59.878,21000.0
1768465674477,59.913,21000.0,59.883,21000.0
1768465674675,59.903,21000.0,59.873,21000.0
1768465676745,59.902,21000.0,59.872,21000.0
1768465679822,59.91,21000.0,59.87,21000.0
1768465680274,59.89,21000.0,59.86,21000.0
1768465681072,59.892,21000.0,59.862,21000.0
1768465681346,59.882,21000.0,59.852,21000.0
1768465682168,59.886,21000.0,59.856,21000.0
1768465682364,59.895,21000.0,59.855,21000.0
1768465682490,59.882,21000.0,59.852,21000.0
1768465682772,59.892,21000.0,59.862,21000.0
1768465683000,59.882,21000.0,59.852,21000.0
1768465683935,59.895,21000.0,59.855,21000.0
1768465684217,59.886,21000.0,59.856,21000.0
1768465685133,59.895,21000.0,59.855,21000.0
1768465685580,59.882,21000.0,59.852,21000.0
1768465685800,59.895,21000.0,59.855,21000.0
1768465686521,59.9,21000.0,59.86,21000.0
1768465687090,59.891,21000.0,59.851,21000.0
1768465687515,59.882,21000.0,59.852,21000.0
1768465688196,59.89,21000.0,59.85,21000.0
1768465688565,59.885,21000.0,59.855,21000.0
1768465690637,59.89,21000.0,59.85,21000.0
1768465692074,59.894,21000.0,59.854,21000.0
1768465692182,59.879,21000.0,59.849,21000.0
1768465692321,59.885,21000.0,59.845,21000.0
1768465692436,59.89,21000.0,59.85,21000.0
1768465692748,59.881,21000.0,59.851,21000.0
1768465692865,59.88,21000.0,59.85,21000.0
1768465693164,59.875,21000.0,59.845,21000.0
1768465694372,59.885,21000.0,59.855,21000.0
1768465694593,59.894,21000.0,59.854,21000.0
1768465695005,59.885,21000.0,59.855,21000.0
1768465695151,59.89,21000.0,59.85,21000.0
1768465695259,59.885,21000.0,59.855,21000.0
1768465695424,59.9,21000.0,59.86,21000.0
1768465695528,59.904,21000.0,59.864,21000.0
1768465696745,59.885,21000.0,59.855,21000.0
1768465696976,59.894,21000.0,59.854,21000.0
1768465697685,59.89,21000.0,59.85,21000.0
1768465698061,59.875,21000.0,59.845,21000.0
1768465699155,59.88,21000.0,59.84,21000.0
1768465699440,59.865,21000.0,59.835,21000.0
1768465703514,59.885,21000.0,59.845,21000.0
1768465703534,59.904,21000.0,59.864,21000.0
1768465703555,59.885,21000.0,59.845,21000.0
1768465703574,59.896,21000.0,59.866,21000.0
1768465703695,59.915,21000.0,59.885,21000.0
1768465704951,59.924,21000.0,59.884,21000.0
1768465705097,59.911,21000.0,59.881,21000.0
1768465705260,59.92,21000.0,59.88,21000.0
1768465706868,59.911,21000.0,59.881,21000.0
1768465707569,59.915,21000.0,59.885,21000.0
1768465708016,59.91,21000.0,59.88,21000.0
1768465708640,59.925,21000.0,59.885,21000.0
1768465708962,59.929,21000.0,59.889,21000.0
1768465709063,59.935,21000.0,59.905,21000.0
1768465709371,59.93,21000.0,59.9,21000.0
1768465709821,59.926,21000.0,59.896,21000.0
1768465710008,59.935,21000.0,59.895,21000.0
1768465710689,59.937,21000.0,59.897,21000.0
1768465710809,59.955,21000.0,59.915,21000.0
1768465710960,59.946,21000.0,59.916,21000.0
1768465711682,59.955,21000.0,59.915,21000.0
1768465712422,59.946,21000.0,59.916,21000.0
1768465712703,59.955,21000.0,59.915,21000.0
1768465715175,59.945,21000.0,59.915,21000.0
1768465715421,59.94,21000.0,59.91,21000.0
1768465716050,59.949,21000.0,59.909,21000.0
1768465716262,59.955,21000.0,59.915,21000.0
1768465716789,59.945,21000.0,59.915,21000.0
1768465717243,59.94,21000.0,59.91,21000.0
1768465717603,59.945,21000.0,59.915,21000.0
1768465717728,59.955,21000.0,59.915,21000.0
1768465717956,59.955,21000.0,59.925,21000.0
1768465718180,59.956,21000.0,59.926,21000.0
1768465718395,59.965,21000.0,59.925,21000.0
1768465719535,59.956,21000.0,59.926,21000.0
1768465719703,59.96,21000.0,59.93,21000.0
1768465721039,59.965,21000.0,59.925,21000.0
1768465721339,59.955,21000.0,59.925,21000.0
1768465722706,59.946,21000.0,59.916,21000.0
1768465722943,59.955,21000.0,59.915,21000.0
1768465723103,59.955,21000.0,59.925,21000.0
1768465723459,59.965,21000.0,59.925,21000.0
1768465724425,59.955,21000.0,59.925,21000.0
1768465724720,59.95,21000.0,59.92,21000.0
1768465725248,59.955,21000.0,59.915,21000.0
1768465725630,59.946,21000.0,59.916,21000.0
1768465725903,59.965,21000.0,59.925,21000.0
1768465726083,59.955,21000.0,59.925,21000.0
1768465726769,59.946,21000.0,59.916,21000.0
1768465727267,59.945,21000.0,59.915,21000.0
1768465728382,59.955,21000.0,59.915,21000.0
1768465728724,59.945,21000.0,59.915,21000.0
1768465728850,59.94,21000.0,59.91,21000.0
1768465728970,59.945,21000.0,59.905,21000.0
1768465729215,59.935,21000.0,59.905,21000.0
1768465730687,59.94,21000.0,59.91,21000.0
1768465730818,59.95,21000.0,59.91,21000.0
1768465730936,59.945,21000.0,59.905,21000.0
1768465731500,59.936,21000.0,59.906,21000.0
1768465732750,59.947,21000.0,59.907,21000.0
1768465732875,59.945,21000.0,59.915,21000.0
1768465733041,59.941,21000.0,59.911,21000.0
1768465734121,59.945,21000.0,59.905,21000.0
1768465734325,59.941,21000.0,59.911,21000.0
1768465734477,59.95,21000.0,59.91,21000.0
1768465734848,59.945,21000.0,59.905,21000.0
1768465735082,59.935,21000.0,59.905,21000.0
1768465735207,59.945,21000.0,59.905,21000.0
1768465735515,59.935,21000.0,59.905,21000.0
1768465735658,59.931,21000.0,59.901,21000.0
1768465735878,59.935,21000.0,59.905,21000.0
1768465736019,59.926,21000.0,59.896,21000.0
1768465736189,59.931,21000.0,59.901,21000.0
1768465737341,59.935,21000.0,59.895,21000.0
1768465737785,59.931,21000.0,59.901,21000.0
1768465737904,59.935,21000.0,59.895,21000.0
1768465738533,59.925,21000.0,59.895,21000.0
1768465738818,59.921,21000.0,59.891,21000.0
1768465738931,59.935,21000.0,59.895,21000.0
1768465739073,59.931,21000.0,59.901,21000.0
1768465739113,59.955,21000.0,59.925,21000.0
1768465739413,59.946,21000.0,59.916,21000.0
1768465739914,59.965,21000.0,59.925,21000.0
1768465740064,59.965,21000.0,59.935,21000.0
1768465740182,59.981,21000.0,59.951,21000.0
1768465740303,59.976,21000.0,59.946,21000.0
1768465740436,59.991,21000.0,59.951,21000.0
1768465740566,59.976,21000.0,59.946,21000.0
1768465740761,59.986,21000.0,59.956,21000.0
1768465741064,59.991,21000.0,59.961,21000.0
1768465741247,59.995,21000.0,59.965,21000.0
1768465741417,59.986,21000.0,59.956,21000.0
1768465741588,59.991,21000.0,59.961,21000.0
1768465742059,59.986,21000.0,59.956,21000.0
1768465742419,60.005,21000.0,59.965,21000.0
1768465742532,60.001,21000.0,59.961,21000.0
1768465742764,60.005,21000.0,59.965,21000.0
1768465743046,59.991,21000.0,59.961,21000.0
1768465743956,59.995,21000.0,59.955,21000.0
1768465744130,59.985,21000.0,59.945,21000.0
1768465744462,59.976,21000.0,59.946,21000.0
1768465744767,59.985,21000.0,59.945,21000.0
1768465745105,59.981,21000.0,59.951,21000.0
1768465745208,59.976,21000.0,59.946,21000.0
1768465745322,59.981,21000.0,59.951,21000.0
1768465745655,59.976,21000.0,59.946,21000.0
1768465745964,59.991,21000.0,59.951,21000.0
1768465746083,59.976,21000.0,59.946,21000.0
1768465746202,59.981,21000.0,59.951,21000.0
1768465746311,59.976,21000.0,59.946,21000.0
1768465746426,59.985,21000.0,59.955,21000.0
1768465746695,59.991,21000.0,59.951,21000.0
1768465746903,59.985,21000.0,59.955,21000.0
1768465747395,59.981,21000.0,59.951,21000.0
1768465747793,59.995,21000.0,59.955,21000.0
1768465747920,59.986,21000.0,59.956,21000.0
1768465748144,59.996,21000.0,59.966,21000.0
1768465748245,60.011,21000.0,59.981,21000.0
1768465748420,60.015,21000.0,59.985,21000.0
1768465748918,60.021,21000.0,59.991,21000.0
1768465749066,60.016,21000.0,59.986,21000.0
1768465749357,60.031,21000.0,59.991,21000.0
1768465749757,60.025,21000.0,59.985,21000.0
1768465750085,60.006,21000.0,59.976,21000.0
1768465750204,60.011,21000.0,59.981,21000.0
1768465750603,60.015,21000.0,59.975,21000.0
1768465750921,60.006,21000.0,59.976,21000.0
1768465751672,60.015,21000.0,59.975,21000.0
1768465752367,60.006,21000.0,59.976,21000.0
1768465752535,60.016,21000.0,59.986,21000.0
1768465752956,60.025,21000.0,59.985,21000.0
1768465753463,60.016,21000.0,59.986,21000.0
1768465753846,60.025,21000.0,59.985,21000.0
1768465754843,60.011,21000.0,59.981,21000.0
1768465755180,60.006,21000.0,59.976,21000.0
1768465755310,60.011,21000.0,59.981,21000.0
1768465755520,60.025,21000.0,59.985,21000.0
1768465755918,60.021,21000.0,59.991,21000.0
1768465756097,60.031,21000.0,59.991,21000.0
1768465756537,60.021,21000.0,59.991,21000.0
1768465756956,60.031,21000.0,59.991,21000.0
1768465757091,60.016,21000.0,59.986,21000.0
1768465757420,60.021,21000.0,59.981,21000.0
1768465757641,60.016,21000.0,59.986,21000.0
1768465758031,60.025,21000.0,59.985,21000.0
1768465758316,60.021,21000.0,59.981,21000.0
1768465758596,60.025,21000.0,59.985,21000.0
1768465758759,60.011,21000.0,59.981,21000.0
1768465759017,60.025,21000.0,59.985,21000.0
1768465759335,60.006,21000.0,59.976,21000.0
1768465759577,60.011,21000.0,59.981,21000.0
1768465759822,60.006,21000.0,59.976,21000.0
1768465760194,60.005,21000.0,59.975,21000.0
1768465760309,59.995,21000.0,59.965,21000.0
1768465761244,59.984,21000.0,59.954,21000.0
1768465761900,59.985,21000.0,59.955,21000.0
1768465762156,59.995,21000.0,59.955,21000.0
1768465762563,59.989,21000.0,59.959,21000.0
1768465762745,59.985,21000.0,59.955,21000.0
1768465763357,60.0,21000.0,59.96,21000.0
1768465763468,59.989,21000.0,59.959,21000.0
1768465764394,59.994,21000.0,59.954,21000.0
1768465764527,59.989,21000.0,59.959,21000.0
1768465764796,59.984,21000.0,59.954,21000.0
1768465765044,59.994,21000.0,59.954,21000.0
1768465765160,59.99,21000.0,59.95,21000.0
1768465765467,59.994,21000.0,59.954,21000.0
1768465765677,59.975,21000.0,59.945,21000.0
1768465766050,59.979,21000.0,59.949,21000.0
1768465766163,59.975,21000.0,59.945,21000.0
1768465767237,59.974,21000.0,59.944,21000.0
1768465767663,59.984,21000.0,59.944,21000.0
1768465767772,59.975,21000.0,59.945,21000.0
1768465769368,59.99,21000.0,59.95,21000.0
1768465769472,59.985,21000.0,59.955,21000.0
1768465769620,59.994,21000.0,59.954,21000.0
1768465770317,59.984,21000.0,59.954,21000.0
1768465770583,59.988,21000.0,59.948,21000.0
1768465770714,59.989,21000.0,59.949,21000.0
1768465771029,59.984,21000.0,59.944,21000.0
1768465771741,59.989,21000.0,59.949,21000.0
1768465771905,59.974,21000.0,59.944,21000.0
1768465772036,59.979,21000.0,59.939,21000.0
1768465772178,59.974,21000.0,59.934,21000.0
1768465772567,59.979,21000.0,59.939,21000.0
1768465772671,59.955,21000.0,59.925,21000.0
1768465774020,59.957,21000.0,59.927,21000.0
1768465774582,59.96,21000.0,59.93,21000.0
1768465774989,59.984,21000.0,59.944,21000.0
1768465775151,59.974,21000.0,59.944,21000.0
1768465776780,59.955,21000.0,59.925,21000.0
1768465776975,59.974,21000.0,59.934,21000.0
1768465777082,59.965,21000.0,59.935,21000.0
1768465777432,59.97,21000.0,59.94,21000.0
1768465777680,59.965,21000.0,59.935,21000.0
1768465778393,59.97,21000.0,59.94,21000.0
1768465778713,59.965,21000.0,59.935,21000.0
1768465778897,59.97,21000.0,59.94,21000.0
1768465779079,59.984,21000.0,59.944,21000.0
1768465779181,59.97,21000.0,59.94,21000.0
1768465779616,59.98,21000.0,59.94,21000.0
1768465779912,59.97,21000.0,59.94,21000.0
1768465780050,59.974,21000.0,59.934,21000.0
1768465780601,59.955,21000.0,59.925,21000.0
1768465780707,59.96,21000.0,59.93,21000.0
1768465780872,59.964,21000.0,59.924,21000.0
1768465781181,59.955,21000.0,59.925,21000.0
1768465781444,59.974,21000.0,59.934,21000.0
1768465781678,59.955,21000.0,59.925,21000.0
1768465781972,59.974,21000.0,59.934,21000.0
1768465782122,59.955,21000.0,59.925,21000.0
1768465782258,59.96,21000.0,59.92,21000.0
1768465782366,59.95,21000.0,59.92,21000.0
1768465783709,59.94,21000.0,59.91,21000.0
1768465783851,59.954,21000.0,59.914,21000.0
1768465784032,59.95,21000.0,59.91,21000.0
1768465784587,59.945,21000.0,59.905,21000.0
1768465784704,59.94,21000.0,59.9,21000.0
1768465784893,59.925,21000.0,59.895,21000.0
1768465785040,59.935,21000.0,59.895,21000.0
1768465785247,59.925,21000.0,59.895,21000.0
1768465785372,59.935,21000.0,59.895,21000.0
1768465785453,59.915,21000.0,59.885,21000.0
1768465785670,59.93,21000.0,59.89,21000.0
1768465785790,59.915,21000.0,59.885,21000.0
1768465786017,59.925,21000.0,59.885,21000.0
1768465786457,59.926,21000.0,59.886,21000.0
1768465786781,59.92,21000.0,59.89,21000.0
1768465786966,59.915,21000.0,59.885,21000.0
1768465787227,59.921,21000.0,59.891,21000.0
1768465787717,59.924,21000.0,59.894,21000.0
1768465787856,59.915,21000.0,59.885,21000.0
1768465788052,59.92,21000.0,59.88,21000.0
1768465788237,59.93,21000.0,59.89,21000.0
1768465788390,59.926,21000.0,59.886,21000.0
1768465788726,59.93,21000.0,59.89,21000.0
1768465789566,59.925,21000.0,59.895,21000.0
1768465790178,59.94,21000.0,59.9,21000.0
1768465790382,59.931,21000.0,59.901,21000.0
1768465790731,59.945,21000.0,59.905,21000.0
1768465790789,59.925,21000.0,59.895,21000.0
1768465791108,59.935,21000.0,59.895,21000.0
1768465791237,59.926,21000.0,59.896,21000.0
1768465791468,59.935,21000.0,59.895,21000.0
1768465793217,59.926,21000.0,59.896,21000.0
1768465793481,59.936,21000.0,59.906,21000.0
1768465793724,59.955,21000.0,59.915,21000.0
1768465795180,59.944,21000.0,59.914,21000.0
1768465795299,59.926,21000.0,59.896,21000.0
1768465795391,59.955,21000.0,59.915,21000.0
1768465795978,59.94,21000.0,59.91,21000.0
1768465796364,59.936,21000.0,59.906,21000.0
1768465796630,59.945,21000.0,59.905,21000.0
1768465796760,59.934,21000.0,59.904,21000.0
1768465796892,59.93,21000.0,59.9,21000.0
1768465797023,59.945,21000.0,59.905,21000.0
1768465797279,59.931,21000.0,59.901,21000.0
1768465797320,59.955,21000.0,59.915,21000.0
1768465797592,59.946,21000.0,59.916,21000.0
1768465797712,59.96,21000.0,59.92,21000.0
1768465797831,59.946,21000.0,59.916,21000.0
1768465798083,59.955,21000.0,59.915,21000.0
1768465798638,59.95,21000.0,59.91,21000.0
1768465798811,59.946,21000.0,59.916,21000.0
1768465799652,59.956,21000.0,59.926,21000.0
1768465799880,59.95,21000.0,59.92,21000.0
1768465799980,59.94,21000.0,59.9,21000.0
1768465800081,59.955,21000.0,59.915,21000.0
1768465800287,59.946,21000.0,59.916,21000.0
1768465800444,59.965,21000.0,59.925,21000.0
1768465800586,59.954,21000.0,59.924,21000.0
1768465801994,59.94,21000.0,59.91,21000.0
1768465802232,59.93,21000.0,59.9,21000.0
1768465802985,59.924,21000.0,59.894,21000.0
1768465803098,59.929,21000.0,59.889,21000.0
1768465803222,59.915,21000.0,59.875,21000.0
1768465804057,59.906,21000.0,59.876,21000.0
1768465804162,59.915,21000.0,59.875,21000.0
1768465804277,59.904,21000.0,59.874,21000.0
1768465804681,59.894,21000.0,59.864,21000.0
1768465804805,59.895,21000.0,59.855,21000.0
1768465804914,59.89,21000.0,59.86,21000.0
1768465805729,59.895,21000.0,59.855,21000.0
1768465806163,59.886,21000.0,59.856,21000.0
1768465806567,59.89,21000.0,59.86,21000.0
1768465806826,59.894,21000.0,59.864,21000.0
1768465807231,59.886,21000.0,59.856,21000.0
1768465807969,59.9,21000.0,59.86,21000.0
1768465808083,59.895,21000.0,59.855,21000.0
1768465808380,59.886,21000.0,59.856,21000.0
1768465808530,59.896,21000.0,59.856,21000.0
1768465808677,59.896,21000.0,59.866,21000.0
1768465809145,59.9,21000.0,59.87,21000.0
1768465809320,59.915,21000.0,59.875,21000.0
1768465809487,59.896,21000.0,59.866,21000.0
1768465809616,59.89,21000.0,59.86,21000.0
1768465809739,59.886,21000.0,59.856,21000.0
1768465809984,59.896,21000.0,59.866,21000.0
1768465810744,59.89,21000.0,59.86,21000.0
1768465810870,59.894,21000.0,59.864,21000.0
1768465811141,59.905,21000.0,59.865,21000.0
1768465811203,59.886,21000.0,59.856,21000.0
1768465811952,59.895,21000.0,59.855,21000.0
1768465812638,59.88,21000.0,59.85,21000.0
1768465813376,59.885,21000.0,59.855,21000.0
1768465813480,59.894,21000.0,59.854,21000.0
1768465813861,59.885,21000.0,59.855,21000.0
1768465814182,59.89,21000.0,59.86,21000.0
1768465814309,59.9,21000.0,59.87,21000.0
1768465814416,59.895,21000.0,59.865,21000.0
1768465814551,59.9,21000.0,59.87,21000.0
1768465814689,59.909,21000.0,59.869,21000.0
1768465814791,59.904,21000.0,59.864,21000.0
1768465815366,59.885,21000.0,59.855,21000.0
1768465817192,59.874,21000.0,59.844,21000.0
1768465817338,59.87,21000.0,59.84,21000.0
1768465817679,59.865,21000.0,59.835,21000.0
1768465817807,59.874,21000.0,59.844,21000.0
1768465818238,59.874,21000.0,59.834,21000.0
1768465818342,59.864,21000.0,59.834,21000.0
1768465818469,59.87,21000.0,59.83,21000.0
1768465819534,59.845,21000.0,59.815,21000.0
1768465819884,59.854,21000.0,59.814,21000.0
1768465820981,59.845,21000.0,59.815,21000.0
1768465821602,59.856,21000.0,59.816,21000.0
1768465821792,59.864,21000.0,59.824,21000.0
1768465822663,59.86,21000.0,59.82,21000.0
1768465823099,59.864,21000.0,59.834,21000.0
1768465823455,59.855,21000.0,59.825,21000.0
1768465823597,59.86,21000.0,59.83,21000.0
1768465824259,59.864,21000.0,59.834,21000.0
1768465824684,59.865,21000.0,59.835,21000.0
1768465826142,59.876,21000.0,59.836,21000.0
1768465827679,59.875,21000.0,59.845,21000.0
1768465828172,59.882,21000.0,59.852,21000.0
1768465828232,59.865,21000.0,59.835,21000.0
1768465828347,59.874,21000.0,59.844,21000.0
1768465828491,59.865,21000.0,59.835,21000.0
1768465828597,59.884,21000.0,59.844,21000.0
1768465828863,59.875,21000.0,59.845,21000.0
1768465829083,59.89,21000.0,59.85,21000.0
1768465829573,59.894,21000.0,59.854,21000.0
1768465829857,59.89,21000.0,59.86,21000.0
1768465830098,59.895,21000.0,59.865,21000.0
1768465830576,59.9,21000.0,59.87,21000.0
1768465830692,59.91,21000.0,59.87,21000.0
1768465830713,59.885,21000.0,59.855,21000.0
1768465830756,59.9,21000.0,59.87,21000.0
1768465830815,59.88,21000.0,59.84,21000.0
1768465831675,59.875,21000.0,59.845,21000.0
1768465831776,59.884,21000.0,59.844,21000.0
1768465832100,59.874,21000.0,59.844,21000.0
1768465832589,59.885,21000.0,59.845,21000.0
1768465833393,59.865,21000.0,59.835,21000.0
1768465833493,59.874,21000.0,59.844,21000.0
1768465833720,59.875,21000.0,59.845,21000.0
1768465835038,59.894,21000.0,59.854,21000.0
1768465835144,59.889,21000.0,59.859,21000.0
1768465835367,59.9,21000.0,59.86,21000.0
1768465835578,59.889,21000.0,59.859,21000.0
1768465835743,59.904,21000.0,59.864,21000.0
1768465835940,59.889,21000.0,59.859,21000.0
1768465836669,59.904,21000.0,59.864,21000.0
1768465836850,59.889,21000.0,59.859,21000.0
1768465837582,59.9,21000.0,59.86,21000.0
1768465837866,59.894,21000.0,59.864,21000.0
1768465838469,59.9,21000.0,59.86,21000.0
1768465839755,59.887,21000.0,59.857,21000.0
1768465839835,59.905,21000.0,59.875,21000.0
1768465839956,59.91,21000.0,59.87,21000.0
1768465840087,59.914,21000.0,59.874,21000.0
1768465842424,59.905,21000.0,59.875,21000.0
1768465844013,59.925,21000.0,59.885,21000.0
1768465844590,59.915,21000.0,59.885,21000.0
1768465845301,59.92,21000.0,59.89,21000.0
1768465845489,59.915,21000.0,59.885,21000.0
1768465845829,59.915,21000.0,59.875,21000.0
1768465845954,59.905,21000.0,59.875,21000.0
1768465846492,59.91,21000.0,59.88,21000.0
1768465847013,59.905,21000.0,59.875,21000.0
1768465847748,59.926,21000.0,59.886,21000.0
1768465848288,59.935,21000.0,59.895,21000.0
1768465848396,59.92,21000.0,59.89,21000.0
1768465848780,59.935,21000.0,59.895,21000.0
1768465849257,59.92,21000.0,59.89,21000.0
1768465849867,59.924,21000.0,59.894,21000.0
1768465850168,59.92,21000.0,59.89,21000.0
1768465850453,59.93,21000.0,59.89,21000.0
1768465850590,59.921,21000.0,59.891,21000.0
1768465850692,59.93,21000.0,59.89,21000.0
1768465851543,59.92,21000.0,59.89,21000.0
1768465852051,59.93,21000.0,59.89,21000.0
1768465852264,59.92,21000.0,59.89,21000.0
1768465853104,59.916,21000.0,59.886,21000.0
1768465853591,59.935,21000.0,59.895,21000.0
1768465854964,59.924,21000.0,59.894,21000.0
1768465855573,59.906,21000.0,59.876,21000.0
1768465855749,59.905,21000.0,59.875,21000.0
1768465855870,59.895,21000.0,59.865,21000.0
1768465856752,59.914,21000.0,59.874,21000.0
1768465857339,59.904,21000.0,59.874,21000.0
1768465857697,59.894,21000.0,59.864,21000.0
1768465858097,59.894,21000.0,59.854,21000.0
1768465858904,59.875,21000.0,59.845,21000.0
1768465860399,59.885,21000.0,59.855,21000.0
1768465862893,59.89,21000.0,59.86,21000.0
1768465863001,59.885,21000.0,59.855,21000.0
1768465863277,59.89,21000.0,59.86,21000.0
1768465863808,59.905,21000.0,59.865,21000.0
1768465864089,59.895,21000.0,59.865,21000.0
1768465864371,59.9,21000.0,59.86,21000.0
1768465864764,59.905,21000.0,59.865,21000.0
1768465865161,59.9,21000.0,59.86,21000.0
1768465865516,59.905,21000.0,59.865,21000.0
1768465865634,59.895,21000.0,59.865,21000.0
1768465865754,59.91,21000.0,59.87,21000.0
1768465865858,59.895,21000.0,59.865,21000.0
1768465867000,59.894,21000.0,59.864,21000.0
1768465867019,59.875,21000.0,59.845,21000.0
1768465867245,59.9,21000.0,59.86,21000.0
1768465867644,59.905,21000.0,59.865,21000.0
1768465867905,59.895,21000.0,59.865,21000.0
1768465869132,59.915,21000.0,59.875,21000.0
1768465869508,59.916,21000.0,59.876,21000.0
1768465869681,59.925,21000.0,59.885,21000.0
1768465870077,59.915,21000.0,59.885,21000.0
1768465871110,59.92,21000.0,59.88,21000.0
1768465871680,59.911,21000.0,59.881,21000.0
1768465871783,59.925,21000.0,59.885,21000.0
1768465872002,59.915,21000.0,59.885,21000.0
1768465873066,59.925,21000.0,59.885,21000.0
1768465873086,59.905,21000.0,59.875,21000.0
1768465873470,59.92,21000.0,59.88,21000.0
1768465874448,59.925,21000.0,59.885,21000.0
1768465874603,59.935,21000.0,59.895,21000.0
1768465875065,59.925,21000.0,59.895,21000.0
1768465876104,59.93,21000.0,59.89,21000.0
1768465876220,59.925,21000.0,59.895,21000.0
1768465876589,59.926,21000.0,59.896,21000.0
1768465877274,59.93,21000.0,59.89,21000.0
1768465877928,59.935,21000.0,59.895,21000.0
1768465878158,59.936,21000.0,59.896,21000.0
1768465879233,59.936,21000.0,59.906,21000.0
1768465879727,59.931,21000.0,59.901,21000.0
1768465880081,59.924,21000.0,59.894,21000.0
1768465880237,59.935,21000.0,59.895,21000.0
1768465880416,59.916,21000.0,59.886,21000.0
1768465880788,59.926,21000.0,59.886,21000.0
1768465881239,59.916,21000.0,59.886,21000.0
1768465881457,59.926,21000.0,59.886,21000.0
1768465881720,59.935,21000.0,59.895,21000.0
1768465882755,59.916,21000.0,59.886,21000.0
1768465882863,59.906,21000.0,59.876,21000.0
1768465883009,59.9,21000.0,59.86,21000.0
1768465883705,59.896,21000.0,59.866,21000.0
1768465884413,59.897,21000.0,59.867,21000.0
1768465885017,59.915,21000.0,59.875,21000.0
1768465886245,59.896,21000.0,59.866,21000.0
1768465887477,59.905,21000.0,59.865,21000.0
1768465887582,59.9,21000.0,59.86,21000.0
1768465887723,59.886,21000.0,59.856,21000.0
1768465888341,59.905,21000.0,59.865,21000.0
1768465888744,59.901,21000.0,59.861,21000.0
1768465889232,59.895,21000.0,59.855,21000.0
1768465889335,59.891,21000.0,59.851,21000.0
1768465889463,59.886,21000.0,59.856,21000.0
1768465890107,59.895,21000.0,59.855,21000.0
1768465890222,59.886,21000.0,59.856,21000.0
1768465890913,59.896,21000.0,59.856,21000.0
1768465892116,59.885,21000.0,59.855,21000.0
1768465892758,59.88,21000.0,59.84,21000.0
1768465893811,59.875,21000.0,59.845,21000.0
1768465894751,59.885,21000.0,59.845,21000.0
1768465895737,59.88,21000.0,59.84,21000.0
1768465896075,59.885,21000.0,59.845,21000.0
1768465897526,59.875,21000.0,59.845,21000.0
1768465897631,59.885,21000.0,59.845,21000.0
1768465897903,59.865,21000.0,59.835,21000.0
1768465898227,59.855,21000.0,59.825,21000.0
1768465899177,59.866,21000.0,59.826,21000.0
1768465899360,59.876,21000.0,59.836,21000.0
1768465900019,59.861,21000.0,59.831,21000.0
1768465900822,59.866,21000.0,59.826,21000.0
1768465901181,59.87,21000.0,59.83,21000.0
1768465902093,59.856,21000.0,59.826,21000.0
1768465902761,59.846,21000.0,59.816,21000.0
1768465902862,59.845,21000.0,59.805,21000.0
1768465903271,59.83,21000.0,59.8,21000.0
1768465904231,59.834,21000.0,59.804,21000.0
1768465904549,59.826,21000.0,59.796,21000.0
1768465906375,59.844,21000.0,59.814,21000.0
1768465906796,59.854,21000.0,59.824,21000.0
1768465906932,59.85,21000.0,59.82,21000.0
1768465907381,59.846,21000.0,59.816,21000.0
1768465907677,59.855,21000.0,59.815,21000.0
1768465909140,59.85,21000.0,59.81,21000.0
1768465909286,59.855,21000.0,59.815,21000.0
1768465909643,59.85,21000.0,59.81,21000.0
1768465909805,59.855,21000.0,59.815,21000.0
1768465910101,59.854,21000.0,59.814,21000.0
1768465911775,59.845,21000.0,59.815,21000.0
1768465913525,59.84,21000.0,59.81,21000.0
1768465913687,59.854,21000.0,59.814,21000.0
1768465915408,59.845,21000.0,59.815,21000.0
1768465916293,59.835,21000.0,59.805,21000.0
1768465916414,59.844,21000.0,59.804,21000.0
1768465916740,59.825,21000.0,59.795,21000.0
1768465917045,59.834,21000.0,59.794,21000.0
1768465918065,59.824,21000.0,59.794,21000.0
1768465920157,59.821,21000.0,59.791,21000.0
1768465920457,59.834,21000.0,59.804,21000.0
1768465920773,59.834,21000.0,59.794,21000.0
1768465922314,59.825,21000.0,59.795,21000.0
1768465922763,59.824,21000.0,59.794,21000.0
1768465922868,59.82,21000.0,59.79,21000.0
1768465924465,59.815,21000.0,59.785,21000.0
1768465925272,59.82,21000.0,59.79,21000.0
1768465926218,59.815,21000.0,59.785,21000.0
1768465926938,59.835,21000.0,59.795,21000.0
1768465928002,59.834,21000.0,59.794,21000.0
1768465928141,59.83,21000.0,59.79,21000.0
1768465929063,59.805,21000.0,59.775,21000.0
1768465929183,59.834,21000.0,59.794,21000.0
1768465929751,59.825,21000.0,59.795,21000.0
1768465930211,59.815,21000.0,59.785,21000.0
1768465930573,59.825,21000.0,59.785,21000.0
1768465931576,59.817,21000.0,59.787,21000.0
1768465932078,59.819,21000.0,59.789,21000.0
1768465932560,59.82,21000.0,59.79,21000.0
1768465933298,59.815,21000.0,59.785,21000.0
1768465934939,59.825,21000.0,59.785,21000.0
1768465935198,59.805,21000.0,59.775,21000.0
1768465935923,59.825,21000.0,59.785,21000.0
1768465937219,59.816,21000.0,59.786,21000.0
1768465937421,59.826,21000.0,59.796,21000.0
1768465937725,59.83,21000.0,59.8,21000.0
1768465937911,59.835,21000.0,59.795,21000.0
1768465939535,59.83,21000.0,59.8,21000.0
1768465939642,59.834,21000.0,59.804,21000.0
1768465940142,59.845,21000.0,59.805,21000.0
1768465940761,59.834,21000.0,59.804,21000.0
1768465941017,59.844,21000.0,59.814,21000.0
1768465941294,59.845,21000.0,59.805,21000.0
1768465941924,59.834,21000.0,59.804,21000.0
1768465943079,59.843,21000.0,59.803,21000.0
1768465943179,59.824,21000.0,59.794,21000.0
1768465944097,59.835,21000.0,59.795,21000.0
1768465944609,59.824,21000.0,59.794,21000.0
1768465948121,59.835,21000.0,59.795,21000.0
1768465948310,59.824,21000.0,59.794,21000.0
1768465950062,59.835,21000.0,59.795,21000.0
1768465952444,59.824,21000.0,59.794,21000.0
1768465953181,59.835,21000.0,59.795,21000.0
1768465959125,59.826,21000.0,59.796,21000.0
1768465962881,59.835,21000.0,59.795,21000.0
1768465962991,59.825,21000.0,59.785,21000.0
1768465964634,59.804,21000.0,59.774,21000.0
1768465965136,59.799,21000.0,59.759,21000.0
1768465965518,59.794,21000.0,59.764,21000.0
1768465965636,59.805,21000.0,59.765,21000.0
1768465966034,59.815,21000.0,59.775,21000.0
1768465971322,59.804,21000.0,59.774,21000.0
1768465973272,59.794,21000.0,59.764,21000.0
1768465973431,59.796,21000.0,59.766,21000.0
1768465973864,59.805,21000.0,59.765,21000.0
1768465974085,59.796,21000.0,59.766,21000.0
1768465974187,59.815,21000.0,59.775,21000.0
1768465974624,59.804,21000.0,59.774,21000.0
1768465974878,59.815,21000.0,59.775,21000.0
1768465980314,59.806,21000.0,59.776,21000.0
1768465980420,59.814,21000.0,59.784,21000.0
1768465980560,59.816,21000.0,59.786,21000.0
1768465981592,59.814,21000.0,59.784,21000.0
1768465982125,59.825,21000.0,59.785,21000.0
1768465982233,59.815,21000.0,59.775,21000.0
1768465982361,59.804,21000.0,59.774,21000.0
1768465987358,59.796,21000.0,59.766,21000.0
1768465987584,59.804,21000.0,59.774,21000.0
1768465988671,59.806,21000.0,59.776,21000.0
1768465989933,59.814,21000.0,59.784,21000.0
1768465990178,59.816,21000.0,59.786,21000.0
1768465990388,59.825,21000.0,59.785,21000.0
1768465991769,59.816,21000.0,59.786,21000.0
1768465993007,59.825,21000.0,59.785,21000.0
1768465994328,59.816,21000.0,59.786,21000.0
1768465996970,59.82,21000.0,59.79,21000.0
1768465997081,59.829,21000.0,59.789,21000.0
1768465997532,59.826,21000.0,59.786,21000.0
1768465997552,59.845,21000.0,59.805,21000.0
1768465997661,59.846,21000.0,59.816,21000.0
1768465997744,59.864,21000.0,59.834,21000.0
1768465999811,59.866,21000.0,59.836,21000.0
1768466001228,59.885,21000.0,59.845,21000.0
1768466001509,59.88,21000.0,59.85,21000.0
1768466002813,59.884,21000.0,59.854,21000.0
1768466003326,59.893,21000.0,59.853,21000.0
1768466003469,59.895,21000.0,59.855,21000.0
1768466004252,59.886,21000.0,59.856,21000.0
1768466004515,59.895,21000.0,59.855,21000.0
1768466004726,59.886,21000.0,59.856,21000.0
1768466005208,59.884,21000.0,59.854,21000.0
1768466005751,59.895,21000.0,59.855,21000.0
1768466006213,59.886,21000.0,59.856,21000.0
1768466006317,59.895,21000.0,59.855,21000.0
1768466006924,59.89,21000.0,59.86,21000.0
1768466007310,59.895,21000.0,59.855,21000.0
1768466008719,59.89,21000.0,59.86,21000.0
1768466009744,59.906,21000.0,59.876,21000.0
1768466010641,59.896,21000.0,59.866,21000.0
1768466010761,59.901,21000.0,59.871,21000.0
1768466011042,59.906,21000.0,59.876,21000.0
1768466012272,59.896,21000.0,59.866,21000.0
1768466013831,59.905,21000.0,59.865,21000.0
1768466017500,59.901,21000.0,59.861,21000.0
1768466018200,59.894,21000.0,59.864,21000.0
1768466018301,59.856,21000.0,59.826,21000.0
1768466020113,59.865,21000.0,59.825,21000.0
1768466020401,59.856,21000.0,59.826,21000.0
1768466020606,59.865,21000.0,59.825,21000.0
1768466022556,59.856,21000.0,59.826,21000.0
1768466022964,59.865,21000.0,59.825,21000.0
1768466023626,59.854,21000.0,59.824,21000.0
1768466024115,59.84,21000.0,59.81,21000.0
1768466024223,59.836,21000.0,59.806,21000.0
1768466024524,59.846,21000.0,59.816,21000.0
1768466024692,59.855,21000.0,59.815,21000.0
1768466025020,59.846,21000.0,59.816,21000.0
1768466025189,59.847,21000.0,59.817,21000.0
1768466026173,59.855,21000.0,59.815,21000.0
1768466026251,59.836,21000.0,59.806,21000.0
1768466027838,59.844,21000.0,59.814,21000.0
1768466028494,59.836,21000.0,59.806,21000.0
1768466028637,59.84,21000.0,59.81,21000.0
1768466030663,59.851,21000.0,59.811,21000.0
1768466031249,59.855,21000.0,59.815,21000.0
1768466031663,59.856,21000.0,59.816,21000.0
1768466032745,59.84,21000.0,59.81,21000.0
1768466034375,59.851,21000.0,59.811,21000.0
1768466034985,59.855,21000.0,59.815,21000.0
1768466035005,59.836,21000.0,59.806,21000.0
1768466039750,59.846,21000.0,59.806,21000.0
1768466040061,59.847,21000.0,59.817,21000.0
1768466040198,59.856,21000.0,59.826,21000.0
1768466040460,59.865,21000.0,59.825,21000.0
1768466040761,59.861,21000.0,59.821,21000.0
1768466042083,59.856,21000.0,59.826,21000.0
1768466042473,59.846,21000.0,59.816,21000.0
1768466044088,59.855,21000.0,59.815,21000.0
1768466045235,59.836,21000.0,59.806,21000.0
1768466047860,59.834,21000.0,59.804,21000.0
1768466050258,59.831,21000.0,59.791,21000.0
1768466061624,59.821,21000.0,59.791,21000.0
1768466062481,59.836,21000.0,59.806,21000.0
1768466063392,59.856,21000.0,59.816,21000.0
1768466066875,59.851,21000.0,59.821,21000.0
1768466067071,59.855,21000.0,59.825,21000.0
1768466067485,59.851,21000.0,59.821,21000.0
1768466068927,59.855,21000.0,59.825,21000.0
1768466069802,59.866,21000.0,59.826,21000.0
1768466070299,59.855,21000.0,59.825,21000.0
1768466070755,59.847,21000.0,59.817,21000.0
1768466073624,59.845,21000.0,59.815,21000.0
1768466074907,59.846,21000.0,59.806,21000.0
1768466076629,59.835,21000.0,59.805,21000.0
1768466082435,59.846,21000.0,59.806,21000.0
1768466082682,59.845,21000.0,59.815,21000.0
1768466085748,59.856,21000.0,59.816,21000.0
1768466086180,59.845,21000.0,59.815,21000.0
1768466086860,59.856,21000.0,59.816,21000.0
1768466088452,59.841,21000.0,59.811,21000.0
1768466089103,59.846,21000.0,59.806,21000.0
1768466089266,59.835,21000.0,59.805,21000.0
1768466089538,59.856,21000.0,59.816,21000.0
1768466089662,59.86,21000.0,59.82,21000.0
1768466092972,59.846,21000.0,59.806,21000.0
1768466094758,59.841,21000.0,59.811,21000.0
1768466095009,59.845,21000.0,59.815,21000.0
1768466095113,59.841,21000.0,59.811,21000.0
1768466095793,59.837,21000.0,59.807,21000.0
1768466097709,59.835,21000.0,59.805,21000.0
1768466097853,59.827,21000.0,59.797,21000.0
1768466099422,59.835,21000.0,59.805,21000.0
1768466099547,59.846,21000.0,59.806,21000.0
1768466099672,59.85,21000.0,59.81,21000.0
1768466099774,59.856,21000.0,59.816,21000.0
1768466100039,59.86,21000.0,59.82,21000.0
1768466100254,59.851,21000.0,59.821,21000.0
1768466100446,59.855,21000.0,59.825,21000.0
1768466102322,59.86,21000.0,59.82,21000.0
1768466102505,59.856,21000.0,59.816,21000.0
1768466102869,59.86,21000.0,59.82,21000.0
1768466103081,59.845,21000.0,59.815,21000.0
1768466105418,59.856,21000.0,59.816,21000.0
1768466106467,59.866,21000.0,59.826,21000.0
1768466108400,59.87,21000.0,59.83,21000.0
1768466108503,59.865,21000.0,59.835,21000.0
1768466108609,59.861,21000.0,59.831,21000.0
1768466108743,59.866,21000.0,59.826,21000.0
1768466109872,59.856,21000.0,59.826,21000.0
1768466111104,59.856,21000.0,59.816,21000.0
1768466111247,59.855,21000.0,59.815,21000.0
1768466111269,59.836,21000.0,59.806,21000.0
1768466112176,59.846,21000.0,59.806,21000.0
1768466118330,59.846,21000.0,59.816,21000.0
1768466119211,59.846,21000.0,59.806,21000.0
1768466119370,59.85,21000.0,59.81,21000.0
1768466121246,59.836,21000.0,59.796,21000.0
1768466130713,59.836,21000.0,59.806,21000.0
1768466132007,59.841,21000.0,59.801,21000.0
1768466132435,59.831,21000.0,59.801,21000.0
1768466132789,59.841,21000.0,59.801,21000.0
1768466137450,59.826,21000.0,59.796,21000.0
1768466138400,59.836,21000.0,59.806,21000.0
1768466139462,59.845,21000.0,59.805,21000.0
1768466141419,59.831,21000.0,59.801,21000.0
1768466141554,59.846,21000.0,59.806,21000.0
1768466141715,59.836,21000.0,59.806,21000.0
1768466142049,59.846,21000.0,59.806,21000.0
1768466142540,59.846,21000.0,59.816,21000.0
1768466142647,59.856,21000.0,59.816,21000.0
1768466151298,59.866,21000.0,59.826,21000.0
1768466152566,59.854,21000.0,59.824,21000.0
1768466152636,59.837,21000.0,59.807,21000.0
1768466153149,59.846,21000.0,59.806,21000.0
1768466154469,59.836,21000.0,59.806,21000.0
1768466157224,59.846,21000.0,59.806,21000.0
1768466160212,59.844,21000.0,59.804,21000.0
1768466160320,59.835,21000.0,59.805,21000.0
1768466161085,59.84,21000.0,59.8,21000.0
1768466162183,59.825,21000.0,59.795,21000.0
1768466165748,59.837,21000.0,59.797,21000.0
1768466166049,59.835,21000.0,59.805,21000.0
1768466166639,59.827,21000.0,59.797,21000.0
1768466168793,59.831,21000.0,59.801,21000.0
1768466173296,59.845,21000.0,59.805,21000.0
1768466173314,59.825,21000.0,59.795,21000.0
1768466175204,59.821,21000.0,59.791,21000.0
1768466175223,59.804,21000.0,59.774,21000.0
1768466179491,59.803,21000.0,59.773,21000.0
1768466181081,59.814,21000.0,59.774,21000.0
1768466181390,59.813,21000.0,59.783,21000.0
1768466184154,59.824,21000.0,59.784,21000.0
1768466187088,59.813,21000.0,59.783,21000.0
1768466187468,59.809,21000.0,59.779,21000.0
1768466188683,59.824,21000.0,59.784,21000.0
1768466188845,59.813,21000.0,59.783,21000.0
1768466190352,59.809,21000.0,59.779,21000.0
1768466190783,59.813,21000.0,59.783,21000.0
1768466190971,59.809,21000.0,59.779,21000.0
1768466193785,59.815,21000.0,59.785,21000.0
1768466193906,59.834,21000.0,59.794,21000.0
1768466194324,59.823,21000.0,59.793,21000.0
1768466195650,59.834,21000.0,59.794,21000.0
1768466196108,59.849,21000.0,59.819,21000.0
1768466196168,59.874,21000.0,59.834,21000.0
1768466196274,59.874,21000.0,59.844,21000.0
1768466196436,59.863,21000.0,59.833,21000.0
1768466196722,59.878,21000.0,59.838,21000.0
1768466197095,59.874,21000.0,59.834,21000.0
1768466198478,59.878,21000.0,59.838,21000.0
1768466199215,59.863,21000.0,59.833,21000.0
1768466199314,59.848,21000.0,59.818,21000.0
1768466199842,59.853,21000.0,59.823,21000.0
1768466201221,59.862,21000.0,59.822,21000.0
1768466202068,59.849,21000.0,59.819,21000.0
1768466208091,59.859,21000.0,59.819,21000.0
1768466208260,59.854,21000.0,59.814,21000.0
1768466209314,59.844,21000.0,59.814,21000.0
1768466210824,59.843,21000.0,59.813,21000.0
1768466213089,59.854,21000.0,59.814,21000.0
1768466214313,59.842,21000.0,59.812,21000.0
1768466216205,59.832,21000.0,59.802,21000.0
1768466218109,59.822,21000.0,59.792,21000.0
1768466219013,59.832,21000.0,59.792,21000.0
1768466219872,59.837,21000.0,59.797,21000.0
1768466222387,59.827,21000.0,59.797,21000.0
1768466222588,59.823,21000.0,59.793,21000.0
1768466224893,59.828,21000.0,59.788,21000.0
1768466225180,59.823,21000.0,59.783,21000.0
1768466225452,59.828,21000.0,59.788,21000.0
1768466225887,59.823,21000.0,59.783,21000.0
1768466226076,59.809,21000.0,59.779,21000.0
1768466226413,59.805,21000.0,59.775,21000.0
1768466228814,59.803,21000.0,59.773,21000.0
1768466230638,59.794,21000.0,59.764,21000.0
1768466231057,59.793,21000.0,59.763,21000.0
1768466231163,59.798,21000.0,59.758,21000.0
1768466231809,59.792,21000.0,59.752,21000.0
1768466232926,59.782,21000.0,59.752,21000.0
1768466233028,59.772,21000.0,59.732,21000.0
1768466233166,59.769,21000.0,59.729,21000.0
1768466233737,59.78,21000.0,59.75,21000.0
1768466233860,59.781,21000.0,59.751,21000.0
1768466233981,59.789,21000.0,59.749,21000.0
1768466234118,59.79,21000.0,59.76,21000.0
1768466234911,59.781,21000.0,59.751,21000.0
1768466235030,59.789,21000.0,59.749,21000.0
1768466237718,59.78,21000.0,59.75,21000.0
1768466238285,59.774,21000.0,59.734,21000.0
1768466239377,59.776,21000.0,59.746,21000.0
1768466241189,59.766,21000.0,59.736,21000.0
1768466241715,59.762,21000.0,59.732,21000.0
1768466242463,59.768,21000.0,59.728,21000.0
1768466243374,59.754,21000.0,59.714,21000.0
1768466243561,59.748,21000.0,59.708,21000.0
1768466244621,59.742,21000.0,59.712,21000.0
1768466245284,59.738,21000.0,59.708,21000.0
1768466245621,59.742,21000.0,59.712,21000.0
1768466246182,59.752,21000.0,59.722,21000.0
1768466246600,59.752,21000.0,59.712,21000.0
1768466247051,59.753,21000.0,59.723,21000.0
1768466247845,59.76,21000.0,59.72,21000.0
1768466247953,59.759,21000.0,59.729,21000.0
1768466251635,59.769,21000.0,59.739,21000.0
1768466253539,59.769,21000.0,59.729,21000.0
1768466253647,59.763,21000.0,59.733,21000.0
1768466253767,59.759,21000.0,59.729,21000.0
1768466255976,59.766,21000.0,59.736,21000.0
1768466256895,59.774,21000.0,59.734,21000.0
1768466257157,59.775,21000.0,59.745,21000.0
1768466257259,59.788,21000.0,59.748,21000.0
1768466257863,59.778,21000.0,59.738,21000.0
1768466257884,59.758,21000.0,59.728,21000.0
1768466258093,59.766,21000.0,59.736,21000.0
1768466260347,59.762,21000.0,59.732,21000.0
1768466260575,59.769,21000.0,59.729,21000.0
1768466261268,59.758,21000.0,59.728,21000.0
1768466261613,59.762,21000.0,59.732,21000.0
1768466262017,59.764,21000.0,59.734,21000.0
1768466263289,59.758,21000.0,59.728,21000.0
1768466263491,59.761,21000.0,59.731,21000.0
1768466264099,59.763,21000.0,59.723,21000.0
1768466264249,59.747,21000.0,59.717,21000.0
1768466264617,59.751,21000.0,59.721,21000.0
1768466265329,59.756,21000.0,59.716,21000.0
1768466266556,59.759,21000.0,59.719,21000.0
1768466267636,59.75,21000.0,59.72,21000.0
1768466267821,59.748,21000.0,59.718,21000.0
1768466268665,59.756,21000.0,59.716,21000.0
1768466270281,59.758,21000.0,59.718,21000.0
1768466270392,59.759,21000.0,59.729,21000.0
1768466272088,59.758,21000.0,59.718,21000.0
1768466272938,59.76,21000.0,59.72,21000.0
1768466274075,59.752,21000.0,59.722,21000.0
1768466274578,59.761,21000.0,59.731,21000.0
1768466275311,59.77,21000.0,59.73,21000.0
1768466279154,59.762,21000.0,59.732,21000.0
1768466281510,59.761,21000.0,59.731,21000.0
1768466282457,59.759,21000.0,59.729,21000.0
1768466284369,59.761,21000.0,59.731,21000.0
1768466285592,59.771,21000.0,59.741,21000.0
1768466285652,59.791,21000.0,59.761,21000.0
1768466285673,59.771,21000.0,59.741,21000.0
1768466285693,59.791,21000.0,59.761,21000.0
1768466286821,59.8,21000.0,59.76,21000.0
1768466286945,59.781,21000.0,59.751,21000.0
1768466287103,59.79,21000.0,59.75,21000.0
1768466289238,59.782,21000.0,59.752,21000.0
1768466289454,59.78,21000.0,59.75,21000.0
1768466289706,59.771,21000.0,59.731,21000.0
1768466289853,59.776,21000.0,59.736,21000.0
1768466291600,59.77,21000.0,59.74,21000.0
1768466291821,59.779,21000.0,59.739,21000.0
1768466292010,59.783,21000.0,59.743,21000.0
1768466292182,59.779,21000.0,59.739,21000.0
1768466293010,59.77,21000.0,59.74,21000.0
1768466295192,59.785,21000.0,59.745,21000.0
1768466295328,59.786,21000.0,59.746,21000.0
1768466296917,59.796,21000.0,59.756,21000.0
1768466297246,59.782,21000.0,59.752,21000.0
1768466297391,59.792,21000.0,59.752,21000.0
1768466298234,59.783,21000.0,59.753,21000.0
1768466298633,59.792,21000.0,59.752,21000.0
1768466298777,59.792,21000.0,59.762,21000.0
1768466298909,59.806,21000.0,59.766,21000.0
1768466299159,59.802,21000.0,59.762,21000.0
1768466299443,59.798,21000.0,59.768,21000.0
1768466300122,59.802,21000.0,59.772,21000.0
1768466300432,59.798,21000.0,59.768,21000.0
1768466301592,59.794,21000.0,59.764,21000.0
1768466305123,59.803,21000.0,59.763,21000.0
1768466305357,59.807,21000.0,59.767,21000.0
1768466306317,59.799,21000.0,59.769,21000.0
1768466307084,59.803,21000.0,59.763,21000.0
1768466307666,59.785,21000.0,59.755,21000.0
1768466308119,59.794,21000.0,59.754,21000.0
1768466309990,59.788,21000.0,59.748,21000.0
1768466310221,59.798,21000.0,59.758,21000.0
1768466310361,59.794,21000.0,59.754,21000.0
1768466310646,59.784,21000.0,59.754,21000.0
1768466311246,59.779,21000.0,59.749,21000.0
1768466312577,59.784,21000.0,59.744,21000.0
1768466313357,59.784,21000.0,59.754,21000.0
1768466313842,59.793,21000.0,59.753,21000.0
1768466314116,59.784,21000.0,59.744,21000.0
1768466315090,59.765,21000.0,59.735,21000.0
1768466315471,59.769,21000.0,59.739,21000.0
1768466316949,59.765,21000.0,59.735,21000.0
1768466317167,59.774,21000.0,59.744,21000.0
1768466319661,59.784,21000.0,59.744,21000.0
1768466320008,59.774,21000.0,59.744,21000.0
1768466320169,59.784,21000.0,59.744,21000.0
1768466321473,59.784,21000.0,59.754,21000.0
1768466321683,59.774,21000.0,59.744,21000.0
1768466321851,59.769,21000.0,59.739,21000.0
1768466322457,59.774,21000.0,59.744,21000.0
1768466322766,59.764,21000.0,59.734,21000.0
1768466322940,59.765,21000.0,59.735,21000.0
1768466323121,59.764,21000.0,59.734,21000.0
1768466325377,59.755,21000.0,59.725,21000.0
1768466325621,59.759,21000.0,59.729,21000.0
1768466327232,59.764,21000.0,59.724,21000.0
1768466328602,59.759,21000.0,59.729,21000.0
1768466331083,59.774,21000.0,59.734,21000.0
1768466331104,59.755,21000.0,59.725,21000.0
1768466331537,59.754,21000.0,59.724,21000.0
1768466332597,59.745,21000.0,59.715,21000.0
1768466335873,59.735,21000.0,59.705,21000.0
1768466336272,59.745,21000.0,59.715,21000.0
1768466339137,59.764,21000.0,59.724,21000.0
1768466339368,59.774,21000.0,59.734,21000.0
1768466339470,59.775,21000.0,59.745,21000.0
1768466341394,59.794,21000.0,59.754,21000.0
1768466342282,59.792,21000.0,59.752,21000.0
1768466342302,59.769,21000.0,59.739,21000.0
1768466342642,59.779,21000.0,59.739,21000.0
1768466342803,59.775,21000.0,59.745,21000.0
1768466342911,59.765,21000.0,59.735,21000.0
1768466343079,59.769,21000.0,59.739,21000.0
1768466344641,59.775,21000.0,59.735,21000.0
1768466345161,59.794,21000.0,59.754,21000.0
1768466345351,59.779,21000.0,59.749,21000.0
1768466347885,59.789,21000.0,59.749,21000.0
1768466348331,59.789,21000.0,59.759,21000.0
1768466348479,59.804,21000.0,59.764,21000.0
1768466348582,59.809,21000.0,59.769,21000.0
1768466349714,59.813,21000.0,59.783,21000.0
1768466350633,59.813,21000.0,59.773,21000.0
1768466353510,59.803,21000.0,59.773,21000.0
1768466354385,59.794,21000.0,59.764,21000.0
1768466354818,59.799,21000.0,59.759,21000.0
1768466355592,59.803,21000.0,59.773,21000.0
1768466358010,59.794,21000.0,59.764,21000.0
1768466358119,59.803,21000.0,59.763,21000.0
1768466358344,59.799,21000.0,59.759,21000.0
1768466358469,59.813,21000.0,59.773,21000.0
1768466358600,59.809,21000.0,59.769,21000.0
1768466360080,59.799,21000.0,59.769,21000.0
1768466360685,59.799,21000.0,59.759,21000.0
1768466364166,59.785,21000.0,59.755,21000.0
1768466364206,59.765,21000.0,59.735,21000.0
1768466364266,59.793,21000.0,59.753,21000.0
1768466364710,59.789,21000.0,59.749,21000.0
1768466366028,59.775,21000.0,59.745,21000.0
1768466367123,59.785,21000.0,59.755,21000.0
1768466367495,59.794,21000.0,59.754,21000.0
1768466368624,59.785,21000.0,59.755,21000.0
1768466369919,59.79,21000.0,59.76,21000.0
1768466370082,59.795,21000.0,59.765,21000.0
1768466371558,59.81,21000.0,59.77,21000.0
1768466372568,59.804,21000.0,59.774,21000.0
1768466373185,59.79,21000.0,59.76,21000.0
1768466375173,59.794,21000.0,59.764,21000.0
1768466376622,59.805,21000.0,59.765,21000.0
1768466377423,59.794,21000.0,59.764,21000.0
1768466378043,59.805,21000.0,59.765,21000.0
1768466378151,59.796,21000.0,59.756,21000.0
1768466378278,59.8,21000.0,59.76,21000.0
1768466379433,59.794,21000.0,59.764,21000.0
1768466380408,59.805,21000.0,59.765,21000.0
1768466382727,59.796,21000.0,59.766,21000.0
1768466382895,59.804,21000.0,59.774,21000.0
1768466387516,59.796,21000.0,59.766,21000.0
1768466389252,59.806,21000.0,59.766,21000.0
1768466391620,59.804,21000.0,59.774,21000.0
1768466396167,59.795,21000.0,59.765,21000.0
1768466397085,59.805,21000.0,59.775,21000.0
1768466398668,59.804,21000.0,59.774,21000.0
1768466398999,59.815,21000.0,59.775,21000.0
1768466401088,59.804,21000.0,59.774,21000.0
1768466401865,59.8,21000.0,59.77,21000.0
1768466402355,59.804,21000.0,59.774,21000.0
1768466403751,59.815,21000.0,59.775,21000.0
1768466406356,59.806,21000.0,59.776,21000.0
1768466406632,59.815,21000.0,59.775,21000.0
1768466407478,59.804,21000.0,59.774,21000.0
1768466408287,59.796,21000.0,59.766,21000.0
1768466409041,59.805,21000.0,59.765,21000.0
1768466410453,59.8,21000.0,59.77,21000.0
1768466413271,59.809,21000.0,59.769,21000.0
1768466415177,59.8,21000.0,59.77,21000.0
1768466415854,59.804,21000.0,59.774,21000.0
1768466415974,59.8,21000.0,59.77,21000.0
1768466416400,59.815,21000.0,59.775,21000.0
1768466419390,59.814,21000.0,59.774,21000.0
1768466421008,59.804,21000.0,59.774,21000.0
1768466422067,59.804,21000.0,59.764,21000.0
1768466422242,59.795,21000.0,59.765,21000.0
1768466426088,59.794,21000.0,59.764,21000.0
1768466430831,59.794,21000.0,59.754,21000.0
1768466433366,59.794,21000.0,59.764,21000.0
1768466433494,59.809,21000.0,59.769,21000.0
1768466433701,59.814,21000.0,59.774,21000.0
1768466433825,59.81,21000.0,59.77,21000.0
1768466435007,59.795,21000.0,59.765,21000.0
1768466435140,59.804,21000.0,59.764,21000.0
1768466435657,59.795,21000.0,59.765,21000.0
1768466437945,59.794,21000.0,59.764,21000.0
1768466439011,59.785,21000.0,59.755,21000.0
1768466441100,59.794,21000.0,59.754,21000.0
1768466442638,59.783,21000.0,59.753,21000.0
1768466442886,59.793,21000.0,59.763,21000.0
1768466443518,59.804,21000.0,59.764,21000.0
1768466450156,59.802,21000.0,59.772,21000.0
1768466450215,59.823,21000.0,59.793,21000.0
1768466450407,59.834,21000.0,59.794,21000.0
1768466450541,59.822,21000.0,59.792,21000.0
1768466450913,59.813,21000.0,59.783,21000.0
1768466452663,59.824,21000.0,59.784,21000.0
1768466453645,59.825,21000.0,59.795,21000.0
1768466453910,59.834,21000.0,59.794,21000.0
1768466454717,59.819,21000.0,59.789,21000.0
1768466454932,59.825,21000.0,59.795,21000.0
1768466455031,59.852,21000.0,59.812,21000.0
1768466455194,59.844,21000.0,59.804,21000.0
1768466455629,59.833,21000.0,59.803,21000.0
1768466459209,59.844,21000.0,59.814,21000.0
1768466459272,59.829,21000.0,59.799,21000.0
1768466462750,59.844,21000.0,59.814,21000.0
1768466465418,59.835,21000.0,59.805,21000.0
1768466465726,59.84,21000.0,59.81,21000.0
1768466465903,59.844,21000.0,59.814,21000.0
1768466467398,59.845,21000.0,59.805,21000.0
1768466467919,59.844,21000.0,59.814,21000.0
1768466468258,59.84,21000.0,59.81,21000.0
1768466469523,59.855,21000.0,59.815,21000.0
1768466469628,59.863,21000.0,59.823,21000.0
1768466469754,59.859,21000.0,59.819,21000.0
1768466470473,59.854,21000.0,59.824,21000.0
1768466472235,59.865,21000.0,59.825,21000.0
1768466472612,59.854,21000.0,59.824,21000.0
1768466472995,59.865,21000.0,59.825,21000.0
1768466473104,59.864,21000.0,59.824,21000.0
1768466473125,59.845,21000.0,59.815,21000.0
1768466474485,59.854,21000.0,59.814,21000.0
1768466480356,59.843,21000.0,59.813,21000.0
1768466480536,59.854,21000.0,59.814,21000.0
1768466481124,59.843,21000.0,59.813,21000.0
1768466482079,59.842,21000.0,59.812,21000.0
1768466484146,59.852,21000.0,59.812,21000.0
1768466485548,59.852,21000.0,59.822,21000.0
1768466485664,59.862,21000.0,59.822,21000.0
1768466490926,59.864,21000.0,59.834,21000.0
1768466491809,59.872,21000.0,59.842,21000.0
1768466494009,59.874,21000.0,59.844,21000.0
1768466494692,59.883,21000.0,59.843,21000.0
1768466495367,59.868,21000.0,59.838,21000.0
1768466496296,59.864,21000.0,59.834,21000.0
1768466500576,59.865,21000.0,59.835,21000.0
1768466502098,59.87,21000.0,59.83,21000.0
1768466503108,59.854,21000.0,59.824,21000.0
1768466504695,59.845,21000.0,59.815,21000.0
1768466505406,59.849,21000.0,59.819,21000.0
1768466506085,59.864,21000.0,59.824,21000.0
1768466507694,59.845,21000.0,59.815,21000.0
1768466507813,59.849,21000.0,59.819,21000.0
1768466508408,59.845,21000.0,59.815,21000.0
1768466509319,59.854,21000.0,59.814,21000.0
1768466509566,59.844,21000.0,59.804,21000.0
1768466511088,59.834,21000.0,59.804,21000.0
1768466512771,59.844,21000.0,59.804,21000.0
1768466514508,59.843,21000.0,59.803,21000.0
1768466517172,59.833,21000.0,59.793,21000.0
1768466518190,59.814,21000.0,59.784,21000.0
1768466521905,59.813,21000.0,59.783,21000.0
1768466522006,59.813,21000.0,59.773,21000.0
1768466522789,59.799,21000.0,59.769,21000.0
1768466523042,59.803,21000.0,59.773,21000.0
1768466523250,59.803,21000.0,59.763,21000.0
1768466524916,59.793,21000.0,59.763,21000.0
1768466525676,59.794,21000.0,59.764,21000.0
1768466525901,59.803,21000.0,59.763,21000.0
1768466526773,59.793,21000.0,59.763,21000.0
1768466527025,59.801,21000.0,59.761,21000.0
1768466527139,59.803,21000.0,59.773,21000.0
1768466527377,59.813,21000.0,59.773,21000.0
1768466527907,59.803,21000.0,59.773,21000.0
1768466530192,59.807,21000.0,59.767,21000.0
1768466531139,59.799,21000.0,59.769,21000.0
1768466533296,59.803,21000.0,59.773,21000.0
1768466536274,59.814,21000.0,59.774,21000.0
1768466537835,59.813,21000.0,59.783,21000.0
1768466539400,59.819,21000.0,59.789,21000.0
1768466540573,59.823,21000.0,59.783,21000.0
1768466540871,59.823,21000.0,59.793,21000.0
1768466540986,59.827,21000.0,59.787,21000.0
1768466541153,59.823,21000.0,59.793,21000.0
1768466541961,59.832,21000.0,59.792,21000.0
1768466542192,59.824,21000.0,59.784,21000.0
1768466542673,59.813,21000.0,59.783,21000.0
1768466543545,59.815,21000.0,59.785,21000.0
1768466543673,59.828,21000.0,59.788,21000.0
1768466543847,59.824,21000.0,59.784,21000.0
1768466545074,59.815,21000.0,59.785,21000.0
1768466546472,59.823,21000.0,59.793,21000.0
1768466547450,59.832,21000.0,59.792,21000.0
1768466547725,59.824,21000.0,59.784,21000.0
1768466548074,59.813,21000.0,59.783,21000.0
1768466549073,59.823,21000.0,59.793,21000.0
1768466549181,59.819,21000.0,59.789,21000.0
1768466549305,59.823,21000.0,59.793,21000.0
1768466550169,59.825,21000.0,59.795,21000.0
1768466550282,59.834,21000.0,59.794,21000.0
1768466551671,59.838,21000.0,59.798,21000.0
1768466552939,59.825,21000.0,59.795,21000.0
1768466553079,59.834,21000.0,59.794,21000.0
1768466554335,59.838,21000.0,59.798,21000.0
1768466555574,59.848,21000.0,59.808,21000.0
1768466555735,59.854,21000.0,59.814,21000.0
1768466556492,59.843,21000.0,59.813,21000.0
1768466556668,59.844,21000.0,59.804,21000.0
1768466557760,59.833,21000.0,59.803,21000.0
1768466562334,59.834,21000.0,59.794,21000.0
1768466563115,59.822,21000.0,59.792,21000.0
1768466564332,59.841,21000.0,59.801,21000.0
1768466564433,59.834,21000.0,59.804,21000.0
1768466565931,59.843,21000.0,59.813,21000.0
1768466566397,59.853,21000.0,59.813,21000.0
1768466566517,59.863,21000.0,59.823,21000.0
1768466568090,59.848,21000.0,59.818,21000.0
1768466568596,59.853,21000.0,59.813,21000.0
1768466568635,59.833,21000.0,59.803,21000.0
1768466568928,59.833,21000.0,59.793,21000.0
1768466569109,59.824,21000.0,59.794,21000.0
1768466569421,59.843,21000.0,59.803,21000.0
1768466570166,59.834,21000.0,59.804,21000.0
1768466570225,59.861,21000.0,59.821,21000.0
1768466570414,59.857,21000.0,59.817,21000.0
1768466571112,59.848,21000.0,59.818,21000.0
1768466571475,59.853,21000.0,59.813,21000.0
1768466572369,59.843,21000.0,59.813,21000.0
1768466577293,59.838,21000.0,59.808,21000.0
1768466577897,59.847,21000.0,59.807,21000.0
1768466580251,59.828,21000.0,59.798,21000.0
1768466581456,59.833,21000.0,59.803,21000.0
1768466585113,59.833,21000.0,59.793,21000.0
1768466592927,59.834,21000.0,59.804,21000.0
1768466600702,59.853,21000.0,59.813,21000.0
1768466601116,59.843,21000.0,59.813,21000.0
1768466602115,59.838,21000.0,59.808,21000.0
1768466602900,59.849,21000.0,59.809,21000.0
1768466603467,59.838,21000.0,59.808,21000.0
1768466605391,59.843,21000.0,59.813,21000.0
1768466606085,59.853,21000.0,59.823,21000.0
1768466607856,59.863,21000.0,59.823,21000.0
1768466608072,59.854,21000.0,59.824,21000.0
1768466608550,59.863,21000.0,59.823,21000.0
1768466610177,59.853,21000.0,59.823,21000.0
1768466610780,59.853,21000.0,59.813,21000.0
1768466618315,59.844,21000.0,59.814,21000.0
1768466618646,59.843,21000.0,59.803,21000.0
1768466619081,59.833,21000.0,59.803,21000.0
1768466619518,59.828,21000.0,59.798,21000.0
1768466620386,59.837,21000.0,59.797,21000.0
1768466620740,59.828,21000.0,59.798,21000.0
1768466621419,59.853,21000.0,59.823,21000.0
1768466621650,59.857,21000.0,59.817,21000.0
1768466622350,59.871,21000.0,59.831,21000.0
1768466625875,59.863,21000.0,59.823,21000.0
1768466627541,59.854,21000.0,59.824,21000.0
1768466628093,59.858,21000.0,59.828,21000.0
1768466629321,59.863,21000.0,59.833,21000.0
1768466630146,59.873,21000.0,59.843,21000.0
1768466631162,59.883,21000.0,59.843,21000.0
1768466632716,59.889,21000.0,59.849,21000.0
1768466632837,59.883,21000.0,59.853,21000.0
1768466635355,59.878,21000.0,59.848,21000.0
1768466635647,59.893,21000.0,59.853,21000.0
1768466639034,59.884,21000.0,59.854,21000.0
1768466639531,59.883,21000.0,59.853,21000.0
1768466640136,59.874,21000.0,59.844,21000.0
1768466641756,59.894,21000.0,59.854,21000.0
1768466642152,59.885,21000.0,59.855,21000.0
1768466642300,59.894,21000.0,59.854,21000.0
1768466642653,59.875,21000.0,59.845,21000.0
1768466643472,59.882,21000.0,59.852,21000.0
1768466646571,59.893,21000.0,59.863,21000.0
1768466647977,59.898,21000.0,59.858,21000.0
1768466648534,59.885,21000.0,59.855,21000.0
1768466648634,59.893,21000.0,59.863,21000.0
1768466651495,59.903,21000.0,59.873,21000.0
1768466651854,59.911,21000.0,59.871,21000.0
1768466653628,59.903,21000.0,59.863,21000.0
1768466654028,59.898,21000.0,59.868,21000.0
1768466654317,59.903,21000.0,59.873,21000.0
1768466654588,59.907,21000.0,59.867,21000.0
1768466654708,59.898,21000.0,59.868,21000.0
1768466655191,59.903,21000.0,59.873,21000.0
1768466655765,59.899,21000.0,59.869,21000.0
1768466655919,59.907,21000.0,59.867,21000.0
1768466656074,59.893,21000.0,59.863,21000.0
1768466656421,59.903,21000.0,59.863,21000.0
1768466658588,59.904,21000.0,59.864,21000.0
1768466659833,59.893,21000.0,59.863,21000.0
1768466660521,59.904,21000.0,59.864,21000.0
1768466660727,59.908,21000.0,59.868,21000.0
1768466660919,59.894,21000.0,59.854,21000.0
1768466661026,59.898,21000.0,59.858,21000.0
1768466661148,59.904,21000.0,59.864,21000.0
1768466662605,59.902,21000.0,59.862,21000.0
1768466663167,59.889,21000.0,59.859,21000.0
1768466663544,59.904,21000.0,59.864,21000.0
1768466665738,59.903,21000.0,59.863,21000.0
1768466667256,59.894,21000.0,59.864,21000.0
1768466669970,59.892,21000.0,59.862,21000.0
1768466670020,59.872,21000.0,59.842,21000.0
1768466670192,59.883,21000.0,59.843,21000.0
1768466676179,59.873,21000.0,59.843,21000.0
1768466678093,59.883,21000.0,59.843,21000.0
1768466678910,59.873,21000.0,59.843,21000.0
1768466679098,59.882,21000.0,59.842,21000.0
1768466680135,59.873,21000.0,59.843,21000.0
1768466680249,59.863,21000.0,59.833,21000.0
1768466681387,59.853,21000.0,59.823,21000.0
1768466681522,59.853,21000.0,59.813,21000.0
1768466681771,59.853,21000.0,59.823,21000.0
1768466684153,59.857,21000.0,59.817,21000.0
1768466685117,59.849,21000.0,59.819,21000.0
1768466692831,59.857,21000.0,59.817,21000.0
1768466692994,59.853,21000.0,59.823,21000.0
1768466695426,59.863,21000.0,59.833,21000.0
1768466695535,59.854,21000.0,59.824,21000.0
1768466695716,59.859,21000.0,59.829,21000.0
1768466695867,59.854,21000.0,59.824,21000.0
1768466696075,59.863,21000.0,59.823,21000.0
1768466700357,59.861,21000.0,59.821,21000.0
1768466701824,59.852,21000.0,59.822,21000.0
1768466702590,59.861,21000.0,59.821,21000.0
1768466703460,59.857,21000.0,59.827,21000.0
1768466704495,59.862,21000.0,59.832,21000.0
1768466706376,59.896,21000.0,59.856,21000.0
1768466706415,59.912,21000.0,59.882,21000.0
1768466708033,59.912,21000.0,59.872,21000.0
1768466709983,59.913,21000.0,59.883,21000.0
1768466710277,59.908,21000.0,59.878,21000.0
1768466711028,59.913,21000.0,59.883,21000.0
1768466711145,59.923,21000.0,59.883,21000.0
1768466711388,59.904,21000.0,59.874,21000.0
1768466712495,59.908,21000.0,59.878,21000.0
1768466712633,59.913,21000.0,59.883,21000.0
1768466712962,59.908,21000.0,59.878,21000.0
1768466713283,59.913,21000.0,59.883,21000.0
1768466715013,59.908,21000.0,59.878,21000.0
1768466716364,59.904,21000.0,59.874,21000.0
1768466717664,59.903,21000.0,59.873,21000.0
1768466717797,59.902,21000.0,59.872,21000.0
1768466718807,59.911,21000.0,59.871,21000.0
1768466719577,59.902,21000.0,59.872,21000.0
1768466719770,59.907,21000.0,59.877,21000.0
1768466724729,59.92,21000.0,59.88,21000.0
1768466724830,59.902,21000.0,59.872,21000.0
1768466725336,59.912,21000.0,59.882,21000.0
1768466728052,59.903,21000.0,59.873,21000.0
1768466728840,59.911,21000.0,59.871,21000.0
1768466729867,59.902,21000.0,59.872,21000.0
1768466731714,59.916,21000.0,59.876,21000.0
1768466732788,59.911,21000.0,59.871,21000.0
1768466734937,59.912,21000.0,59.882,21000.0
1768466735523,59.908,21000.0,59.878,21000.0
1768466735878,59.912,21000.0,59.872,21000.0
1768466736781,59.912,21000.0,59.882,21000.0
1768466737968,59.898,21000.0,59.868,21000.0
1768466741247,59.902,21000.0,59.862,21000.0
1768466741875,59.892,21000.0,59.862,21000.0
1768466743143,59.902,21000.0,59.862,21000.0
1768466750195,59.892,21000.0,59.852,21000.0
1768466751358,59.872,21000.0,59.842,21000.0
1768466751476,59.871,21000.0,59.831,21000.0
1768466753287,59.862,21000.0,59.832,21000.0
1768466753447,59.872,21000.0,59.832,21000.0
1768466758105,59.858,21000.0,59.828,21000.0
1768466758306,59.872,21000.0,59.832,21000.0
1768466758426,59.864,21000.0,59.834,21000.0
1768466760156,59.863,21000.0,59.833,21000.0
1768466761477,59.873,21000.0,59.843,21000.0
1768466761617,59.873,21000.0,59.833,21000.0
1768466761734,59.883,21000.0,59.843,21000.0
1768466763390,59.878,21000.0,59.848,21000.0
1768466766308,59.893,21000.0,59.853,21000.0
1768466767756,59.891,21000.0,59.851,21000.0
1768466768543,59.883,21000.0,59.843,21000.0
1768466770082,59.873,21000.0,59.843,21000.0
1768466772724,59.883,21000.0,59.843,21000.0
1768466773172,59.891,21000.0,59.851,21000.0
1768466775253,59.887,21000.0,59.847,21000.0
1768466775934,59.889,21000.0,59.849,21000.0
1768466776865,59.88,21000.0,59.85,21000.0
1768466776903,59.913,21000.0,59.873,21000.0
1768466777024,59.914,21000.0,59.874,21000.0
1768466780226,59.913,21000.0,59.883,21000.0
1768466780327,59.919,21000.0,59.879,21000.0
1768466780433,59.914,21000.0,59.874,21000.0
1768466785404,59.904,21000.0,59.864,21000.0
1768466790757,59.894,21000.0,59.854,21000.0
1768466796204,59.898,21000.0,59.858,21000.0
1768466796501,59.899,21000.0,59.859,21000.0
1768466801103,59.898,21000.0,59.858,21000.0
1768466806973,59.893,21000.0,59.863,21000.0
1768466807081,59.903,21000.0,59.873,21000.0
1768466807500,59.914,21000.0,59.874,21000.0
1768466809060,59.903,21000.0,59.873,21000.0
1768466809120,59.874,21000.0,59.834,21000.0
1768466809266,59.853,21000.0,59.823,21000.0
1768466809368,59.864,21000.0,59.824,21000.0
1768466810060,59.868,21000.0,59.828,21000.0
1768466814606,59.874,21000.0,59.834,21000.0
1768466814885,59.863,21000.0,59.833,21000.0
1768466815504,59.878,21000.0,59.838,21000.0
1768466815896,59.859,21000.0,59.829,21000.0
1768466816308,59.863,21000.0,59.833,21000.0
1768466820389,59.874,21000.0,59.834,21000.0
1768466820476,59.853,21000.0,59.823,21000.0
1768466822117,59.884,21000.0,59.844,21000.0
1768466823814,59.883,21000.0,59.853,21000.0
1768466825469,59.892,21000.0,59.852,21000.0
1768466825589,59.892,21000.0,59.862,21000.0
1768466826078,59.902,21000.0,59.862,21000.0
1768466826653,59.892,21000.0,59.862,21000.0
1768466826758,59.901,21000.0,59.861,21000.0
1768466827885,59.892,21000.0,59.862,21000.0
1768466829641,59.902,21000.0,59.862,21000.0
1768466831186,59.884,21000.0,59.854,21000.0
1768466831717,59.906,21000.0,59.866,21000.0
1768466832111,59.902,21000.0,59.862,21000.0
1768466833039,59.906,21000.0,59.866,21000.0
1768466833170,59.902,21000.0,59.862,21000.0
1768466833666,59.906,21000.0,59.866,21000.0
1768466836917,59.902,21000.0,59.862,21000.0
1768466837131,59.894,21000.0,59.864,21000.0
1768466837969,59.906,21000.0,59.866,21000.0
1768466837989,59.884,21000.0,59.854,21000.0
1768466839724,59.892,21000.0,59.862,21000.0
1768466841129,59.902,21000.0,59.862,21000.0
1768466843470,59.912,21000.0,59.872,21000.0
1768466843571,59.892,21000.0,59.862,21000.0
1768466843684,59.892,21000.0,59.852,21000.0
1768466844068,59.882,21000.0,59.852,21000.0
1768466846047,59.892,21000.0,59.852,21000.0
1768466847325,59.893,21000.0,59.853,21000.0
1768466849003,59.888,21000.0,59.858,21000.0
1768466849941,59.883,21000.0,59.853,21000.0
1768466856086,59.883,21000.0,59.843,21000.0
1768466858605,59.873,21000.0,59.833,21000.0
1768466861227,59.843,21000.0,59.813,21000.0
1768466861513,59.853,21000.0,59.813,21000.0
1768466862280,59.853,21000.0,59.823,21000.0
1768466865371,59.863,21000.0,59.823,21000.0
1768466867114,59.863,21000.0,59.833,21000.0
1768466869282,59.877,21000.0,59.837,21000.0
1768466869507,59.883,21000.0,59.843,21000.0
1768466870765,59.887,21000.0,59.847,21000.0
1768466871426,59.893,21000.0,59.853,21000.0
1768466873696,59.878,21000.0,59.848,21000.0
1768466875163,59.893,21000.0,59.863,21000.0
1768466876742,59.886,21000.0,59.856,21000.0
1768466879529,59.889,21000.0,59.849,21000.0
1768466879897,59.876,21000.0,59.846,21000.0
1768466880194,59.89,21000.0,59.86,21000.0
1768466880501,59.894,21000.0,59.854,21000.0
1768466885812,59.9,21000.0,59.87,21000.0
1768466886645,59.89,21000.0,59.86,21000.0
1768466886921,59.899,21000.0,59.859,21000.0
1768466887214,59.904,21000.0,59.864,21000.0
1768466887797,59.899,21000.0,59.859,21000.0
1768466890826,59.9,21000.0,59.87,21000.0
1768466890934,59.899,21000.0,59.859,21000.0
1768466891829,59.9,21000.0,59.87,21000.0
1768466891949,59.904,21000.0,59.864,21000.0
1768466892239,59.899,21000.0,59.859,21000.0
1768466892471,59.904,21000.0,59.864,21000.0
1768466892853,59.899,21000.0,59.859,21000.0
1768466893753,59.89,21000.0,59.86,21000.0
1768466895567,59.908,21000.0,59.868,21000.0
1768466896068,59.903,21000.0,59.863,21000.0
1768466898241,59.903,21000.0,59.873,21000.0
1768466898348,59.904,21000.0,59.874,21000.0
1768466898458,59.903,21000.0,59.863,21000.0
1768466898818,59.899,21000.0,59.869,21000.0
1768466901111,59.903,21000.0,59.873,21000.0
1768466902721,59.903,21000.0,59.863,21000.0
1768466903537,59.897,21000.0,59.857,21000.0
1768466903856,59.899,21000.0,59.859,21000.0
1768466903965,59.897,21000.0,59.857,21000.0
1768466904165,59.898,21000.0,59.858,21000.0
1768466904843,59.896,21000.0,59.856,21000.0
1768466905457,59.894,21000.0,59.854,21000.0
1768466906401,59.89,21000.0,59.85,21000.0
1768466906778,59.882,21000.0,59.852,21000.0
1768466907792,59.894,21000.0,59.854,21000.0
1768466908136,59.89,21000.0,59.85,21000.0
1768466909149,59.882,21000.0,59.852,21000.0
1768466910013,59.886,21000.0,59.856,21000.0
1768466910264,59.9,21000.0,59.86,21000.0
1768466912508,59.896,21000.0,59.856,21000.0
1768466913510,59.894,21000.0,59.864,21000.0
1768466913629,59.918,21000.0,59.888,21000.0
1768466914008,59.926,21000.0,59.886,21000.0
