timestamp,ask,ask_size,bid,bid_size
1768465013422,89.737,22000.0,89.687,22000.0
1768465013672,89.74,22000.0,89.69,22000.0
1768465013936,89.746,22000.0,89.696,22000.0
1768465015354,89.745,22000.0,89.695,22000.0
1768465015707,89.739,22000.0,89.707,22000.0
1768465015958,89.739,22000.0,89.679,22000.0
1768465016068,89.738,22000.0,89.678,22000.0
1768465016207,89.733,22000.0,89.683,22000.0
1768465016672,89.732,22000.0,89.682,22000.0
1768465016922,89.738,22000.0,89.678,22000.0
1768465017039,89.733,22000.0,89.673,22000.0
1768465017173,89.733,22000.0,89.683,22000.0
1768465017367,89.739,22000.0,89.689,22000.0
1768465017674,89.741,22000.0,89.691,22000.0
1768465018173,89.742,22000.0,89.692,22000.0
1768465018423,89.741,22000.0,89.691,22000.0
1768465018664,89.744,22000.0,89.694,22000.0
1768465018926,89.746,22000.0,89.696,22000.0
1768465019177,89.76,22000.0,89.7,22000.0
1768465019315,89.73,22000.0,89.698,22000.0
1768465019320,89.717,22000.0,89.669,22000.0
1768465019571,89.712,22000.0,89.662,22000.0
1768465019819,89.707,22000.0,89.659,22000.0
1768465020069,89.708,22000.0,89.66,22000.0
1768465020580,89.709,22000.0,89.661,22000.0
1768465020820,89.718,22000.0,89.668,22000.0
1768465021052,89.724,22000.0,89.674,22000.0
1768465021335,89.732,22000.0,89.672,22000.0
1768465021822,89.733,22000.0,89.673,22000.0
1768465022570,89.731,22000.0,89.671,22000.0
1768465022681,89.723,22000.0,89.663,22000.0
1768465024185,89.725,22000.0,89.665,22000.0
1768465024302,89.731,22000.0,89.671,22000.0
1768465024455,89.722,22000.0,89.672,22000.0
1768465024627,89.721,22000.0,89.661,22000.0
1768465027281,89.719,22000.0,89.659,22000.0
1768465027532,89.692,22000.0,89.66,22000.0
1768465027783,89.695,22000.0,89.645,22000.0
1768465028034,89.693,22000.0,89.643,22000.0
1768465028534,89.69,22000.0,89.64,22000.0
1768465029106,89.691,22000.0,89.641,22000.0
1768465029358,89.689,22000.0,89.639,22000.0
1768465029541,89.688,22000.0,89.628,22000.0
1768465029859,89.685,22000.0,89.635,22000.0
1768465030109,89.703,22000.0,89.643,22000.0
1768465030357,89.698,22000.0,89.648,22000.0
1768465031052,89.704,22000.0,89.644,22000.0
1768465031627,89.698,22000.0,89.648,22000.0
1768465032284,89.706,22000.0,89.658,22000.0
1768465032560,89.713,22000.0,89.663,22000.0
1768465032937,89.712,22000.0,89.662,22000.0
1768465033688,89.711,22000.0,89.661,22000.0
1768465033907,89.7,22000.0,89.668,22000.0
1768465034232,89.712,22000.0,89.68,22000.0
1768465034557,89.711,22000.0,89.679,22000.0
1768465036035,89.709,22000.0,89.677,22000.0
1768465037784,89.702,22000.0,89.682,22000.0
1768465037941,89.702,22000.0,89.652,22000.0
1768465038572,89.701,22000.0,89.651,22000.0
1768465038820,89.697,22000.0,89.649,22000.0
1768465039070,89.7,22000.0,89.64,22000.0
1768465039320,89.701,22000.0,89.641,22000.0
1768465039823,89.696,22000.0,89.646,22000.0
1768465040070,89.695,22000.0,89.645,22000.0
1768465040321,89.7,22000.0,89.64,22000.0
1768465041170,89.704,22000.0,89.656,22000.0
1768465041191,89.712,22000.0,89.68,22000.0
1768465041842,89.716,22000.0,89.666,22000.0
1768465042041,89.717,22000.0,89.667,22000.0
1768465042682,89.715,22000.0,89.665,22000.0
1768465042816,89.711,22000.0,89.661,22000.0
1768465042932,89.71,22000.0,89.66,22000.0
1768465043140,89.712,22000.0,89.652,22000.0
1768465043440,89.713,22000.0,89.653,22000.0
1768465043772,89.714,22000.0,89.654,22000.0
1768465044022,89.709,22000.0,89.659,22000.0
1768465044271,89.714,22000.0,89.664,22000.0
1768465044442,89.718,22000.0,89.67,22000.0
1768465044766,89.715,22000.0,89.683,22000.0
1768465045274,89.73,22000.0,89.68,22000.0
1768465045740,89.722,22000.0,89.69,22000.0
1768465046067,89.729,22000.0,89.679,22000.0
1768465046872,89.728,22000.0,89.678,22000.0
1768465047128,89.726,22000.0,89.676,22000.0
1768465047368,89.727,22000.0,89.667,22000.0
1768465047525,89.724,22000.0,89.674,22000.0
1768465050455,89.726,22000.0,89.676,22000.0
1768465050706,89.733,22000.0,89.683,22000.0
1768465057466,89.727,22000.0,89.695,22000.0
1768465058333,89.733,22000.0,89.683,22000.0
1768465058440,89.734,22000.0,89.684,22000.0
1768465059416,89.74,22000.0,89.68,22000.0
1768465059533,89.741,22000.0,89.681,22000.0
1768465059741,89.737,22000.0,89.677,22000.0
1768465060024,89.736,22000.0,89.676,22000.0
1768465062138,89.735,22000.0,89.685,22000.0
1768465062388,89.732,22000.0,89.7,22000.0
1768465065004,89.739,22000.0,89.689,22000.0
1768465066935,89.735,22000.0,89.703,22000.0
1768465068474,89.74,22000.0,89.7,22000.0
1768465068577,89.756,22000.0,89.696,22000.0
1768465068794,89.752,22000.0,89.692,22000.0
1768465069074,89.743,22000.0,89.693,22000.0
1768465069328,89.742,22000.0,89.692,22000.0
1768465069751,89.743,22000.0,89.693,22000.0
1768465070002,89.742,22000.0,89.692,22000.0
1768465070745,89.737,22000.0,89.687,22000.0
1768465071003,89.733,22000.0,89.685,22000.0
1768465071254,89.728,22000.0,89.678,22000.0
1768465072434,89.729,22000.0,89.679,22000.0
1768465072848,89.731,22000.0,89.681,22000.0
1768465074323,89.732,22000.0,89.682,22000.0
1768465074582,89.729,22000.0,89.679,22000.0
1768465075586,89.734,22000.0,89.674,22000.0
1768465076332,89.728,22000.0,89.678,22000.0
1768465076581,89.715,22000.0,89.683,22000.0
1768465076742,89.722,22000.0,89.69,22000.0
1768465080697,89.721,22000.0,89.671,22000.0
1768465083376,89.724,22000.0,89.674,22000.0
1768465083626,89.72,22000.0,89.67,22000.0
1768465084375,89.719,22000.0,89.669,22000.0
1768465084628,89.712,22000.0,89.668,22000.0
1768465085272,89.71,22000.0,89.66,22000.0
1768465085526,89.711,22000.0,89.661,22000.0
1768465085979,89.702,22000.0,89.67,22000.0
1768465086629,89.711,22000.0,89.661,22000.0
1768465086954,89.702,22000.0,89.652,22000.0
1768465088488,89.701,22000.0,89.651,22000.0
1768465088742,89.69,22000.0,89.64,22000.0
1768465088905,89.687,22000.0,89.637,22000.0
1768465089239,89.686,22000.0,89.636,22000.0
1768465089485,89.682,22000.0,89.634,22000.0
1768465089736,89.682,22000.0,89.632,22000.0
1768465089987,89.693,22000.0,89.643,22000.0
1768465090583,89.701,22000.0,89.641,22000.0
1768465092356,89.7,22000.0,89.64,22000.0
1768465092478,89.694,22000.0,89.644,22000.0
1768465093131,89.7,22000.0,89.65,22000.0
1768465093638,89.713,22000.0,89.653,22000.0
1768465093784,89.716,22000.0,89.656,22000.0
1768465094106,89.717,22000.0,89.667,22000.0
1768465094405,89.719,22000.0,89.669,22000.0
1768465094638,89.714,22000.0,89.664,22000.0
1768465096016,89.719,22000.0,89.669,22000.0
1768465096516,89.718,22000.0,89.668,22000.0
1768465097749,89.719,22000.0,89.669,22000.0
1768465098266,89.721,22000.0,89.671,22000.0
1768465102610,89.725,22000.0,89.675,22000.0
1768465102743,89.728,22000.0,89.678,22000.0
1768465102936,89.722,22000.0,89.69,22000.0
1768465106416,89.724,22000.0,89.674,22000.0
1768465106665,89.723,22000.0,89.673,22000.0
1768465107170,89.719,22000.0,89.669,22000.0
1768465109121,89.721,22000.0,89.671,22000.0
1768465113365,89.719,22000.0,89.669,22000.0
1768465113613,89.718,22000.0,89.668,22000.0
1768465113795,89.707,22000.0,89.675,22000.0
1768465114830,89.684,22000.0,89.664,22000.0
1768465115162,89.685,22000.0,89.653,22000.0
1768465117777,89.706,22000.0,89.646,22000.0
1768465118027,89.716,22000.0,89.656,22000.0
1768465118512,89.721,22000.0,89.671,22000.0
1768465119157,89.715,22000.0,89.683,22000.0
1768465119483,89.726,22000.0,89.676,22000.0
1768465120035,89.722,22000.0,89.69,22000.0
1768465122241,89.73,22000.0,89.698,22000.0
1768465122703,89.724,22000.0,89.68,22000.0
1768465122992,89.721,22000.0,89.671,22000.0
1768465123244,89.732,22000.0,89.682,22000.0
1768465123354,89.736,22000.0,89.686,22000.0
1768465125378,89.734,22000.0,89.684,22000.0
1768465125718,89.729,22000.0,89.679,22000.0
1768465125964,89.697,22000.0,89.677,22000.0
1768465126029,89.658,22000.0,89.638,22000.0
1768465126216,89.66,22000.0,89.628,22000.0
1768465129153,89.662,22000.0,89.612,22000.0
1768465129289,89.659,22000.0,89.609,22000.0
1768465129803,89.664,22000.0,89.614,22000.0
1768465130061,89.673,22000.0,89.613,22000.0
1768465130307,89.671,22000.0,89.611,22000.0
1768465130453,89.664,22000.0,89.614,22000.0
1768465132768,89.667,22000.0,89.607,22000.0
1768465132927,89.668,22000.0,89.618,22000.0
1768465133252,89.667,22000.0,89.617,22000.0
1768465133520,89.666,22000.0,89.616,22000.0
1768465133769,89.664,22000.0,89.614,22000.0
1768465134227,89.667,22000.0,89.607,22000.0
1768465134519,89.666,22000.0,89.606,22000.0
1768465134770,89.661,22000.0,89.611,22000.0
1768465135852,89.671,22000.0,89.623,22000.0
1768465136148,89.678,22000.0,89.628,22000.0
1768465138312,89.685,22000.0,89.625,22000.0
1768465138902,89.678,22000.0,89.628,22000.0
1768465139290,89.681,22000.0,89.631,22000.0
1768465139943,89.678,22000.0,89.628,22000.0
1768465140272,89.676,22000.0,89.626,22000.0
1768465140885,89.673,22000.0,89.625,22000.0
1768465141136,89.662,22000.0,89.63,22000.0
1768465146890,89.684,22000.0,89.634,22000.0
1768465147700,89.683,22000.0,89.633,22000.0
1768465147950,89.684,22000.0,89.634,22000.0
1768465149137,89.683,22000.0,89.633,22000.0
1768465149549,89.681,22000.0,89.631,22000.0
1768465150050,89.686,22000.0,89.636,22000.0
1768465152302,89.685,22000.0,89.635,22000.0
1768465152837,89.681,22000.0,89.631,22000.0
1768465158569,89.68,22000.0,89.63,22000.0
1768465159335,89.676,22000.0,89.626,22000.0
1768465160820,89.675,22000.0,89.625,22000.0
1768465161036,89.66,22000.0,89.628,22000.0
1768465163352,89.639,22000.0,89.619,22000.0
1768465163395,89.613,22000.0,89.563,22000.0
1768465163603,89.616,22000.0,89.568,22000.0
1768465163720,89.624,22000.0,89.574,22000.0
1768465164044,89.626,22000.0,89.576,22000.0
1768465165017,89.627,22000.0,89.567,22000.0
1768465165145,89.626,22000.0,89.576,22000.0
1768465166754,89.611,22000.0,89.561,22000.0
1768465167251,89.609,22000.0,89.559,22000.0
1768465168226,89.601,22000.0,89.551,22000.0
1768465168753,89.604,22000.0,89.554,22000.0
1768465170109,89.597,22000.0,89.549,22000.0
1768465170335,89.589,22000.0,89.539,22000.0
1768465170859,89.596,22000.0,89.536,22000.0
1768465172319,89.582,22000.0,89.55,22000.0
1768465173173,89.589,22000.0,89.539,22000.0
1768465173292,89.586,22000.0,89.536,22000.0
1768465173617,89.588,22000.0,89.538,22000.0
1768465173926,89.589,22000.0,89.539,22000.0
1768465175302,89.585,22000.0,89.565,22000.0
1768465175535,89.588,22000.0,89.568,22000.0
1768465175858,89.59,22000.0,89.558,22000.0
1768465176107,89.596,22000.0,89.546,22000.0
1768465176357,89.586,22000.0,89.566,22000.0
1768465176510,89.605,22000.0,89.573,22000.0
1768465176834,89.6,22000.0,89.568,22000.0
1768465178040,89.597,22000.0,89.565,22000.0
1768465178785,89.6,22000.0,89.568,22000.0
1768465179291,89.611,22000.0,89.561,22000.0
1768465179913,89.616,22000.0,89.568,22000.0
1768465180086,89.63,22000.0,89.58,22000.0
1768465180409,89.631,22000.0,89.581,22000.0
1768465181061,89.639,22000.0,89.579,22000.0
1768465181164,89.639,22000.0,89.589,22000.0
1768465181383,89.644,22000.0,89.594,22000.0
1768465182625,89.646,22000.0,89.596,22000.0
1768465184337,89.644,22000.0,89.594,22000.0
1768465184586,89.636,22000.0,89.586,22000.0
1768465184741,89.63,22000.0,89.58,22000.0
1768465184852,89.629,22000.0,89.579,22000.0
1768465186623,89.628,22000.0,89.578,22000.0
1768465188299,89.634,22000.0,89.574,22000.0
1768465188452,89.629,22000.0,89.579,22000.0
1768465195476,89.631,22000.0,89.581,22000.0
1768465200885,89.631,22000.0,89.571,22000.0
1768465201527,89.624,22000.0,89.574,22000.0
1768465201853,89.631,22000.0,89.581,22000.0
1768465204034,89.625,22000.0,89.593,22000.0
1768465205020,89.637,22000.0,89.605,22000.0
1768465210922,89.645,22000.0,89.613,22000.0
1768465211170,89.666,22000.0,89.616,22000.0
1768465211650,89.667,22000.0,89.617,22000.0
1768465211794,89.669,22000.0,89.619,22000.0
1768465212520,89.671,22000.0,89.621,22000.0
1768465212640,89.667,22000.0,89.635,22000.0
1768465214594,89.672,22000.0,89.64,22000.0
1768465216421,89.675,22000.0,89.625,22000.0
1768465218273,89.674,22000.0,89.624,22000.0
1768465218579,89.673,22000.0,89.623,22000.0
1768465218754,89.671,22000.0,89.621,22000.0
1768465224346,89.665,22000.0,89.633,22000.0
1768465226740,89.691,22000.0,89.641,22000.0
1768465229888,89.69,22000.0,89.64,22000.0
1768465230135,89.686,22000.0,89.636,22000.0
1768465230991,89.673,22000.0,89.633,22000.0
1768465231240,89.657,22000.0,89.609,22000.0
1768465231376,89.645,22000.0,89.613,22000.0
1768465232240,89.646,22000.0,89.614,22000.0
1768465234605,89.645,22000.0,89.613,22000.0
1768465235300,89.644,22000.0,89.612,22000.0
1768465235431,89.639,22000.0,89.589,22000.0
1768465235549,89.628,22000.0,89.588,22000.0
1768465236048,89.638,22000.0,89.588,22000.0
1768465236295,89.637,22000.0,89.587,22000.0
1768465236726,89.641,22000.0,89.609,22000.0
1768465236833,89.642,22000.0,89.61,22000.0
1768465239633,89.647,22000.0,89.597,22000.0
1768465240910,89.648,22000.0,89.598,22000.0
1768465241107,89.65,22000.0,89.6,22000.0
1768465241418,89.651,22000.0,89.601,22000.0
1768465241663,89.65,22000.0,89.6,22000.0
1768465241899,89.651,22000.0,89.601,22000.0
1768465242422,89.652,22000.0,89.602,22000.0
1768465242671,89.653,22000.0,89.603,22000.0
1768465243554,89.654,22000.0,89.604,22000.0
1768465243804,89.658,22000.0,89.61,22000.0
1768465244053,89.666,22000.0,89.616,22000.0
1768465244961,89.66,22000.0,89.612,22000.0
1768465245076,89.656,22000.0,89.606,22000.0
1768465245212,89.655,22000.0,89.605,22000.0
1768465245557,89.656,22000.0,89.606,22000.0
1768465246921,89.657,22000.0,89.607,22000.0
1768465247172,89.658,22000.0,89.608,22000.0
1768465247419,89.657,22000.0,89.625,22000.0
1768465248464,89.645,22000.0,89.625,22000.0
1768465248634,89.635,22000.0,89.615,22000.0
1768465248792,89.621,22000.0,89.571,22000.0
1768465249125,89.603,22000.0,89.563,22000.0
1768465249376,89.592,22000.0,89.548,22000.0
1768465249626,89.595,22000.0,89.547,22000.0
1768465249769,89.591,22000.0,89.559,22000.0
1768465250624,89.59,22000.0,89.558,22000.0
1768465251375,89.582,22000.0,89.562,22000.0
1768465252370,89.584,22000.0,89.534,22000.0
1768465252871,89.589,22000.0,89.539,22000.0
1768465253668,89.592,22000.0,89.532,22000.0
1768465254286,89.586,22000.0,89.536,22000.0
1768465254540,89.573,22000.0,89.541,22000.0
1768465254643,89.581,22000.0,89.531,22000.0
1768465257292,89.586,22000.0,89.536,22000.0
1768465259298,89.584,22000.0,89.534,22000.0
1768465259754,89.586,22000.0,89.536,22000.0
1768465260589,89.575,22000.0,89.543,22000.0
1768465260725,89.58,22000.0,89.53,22000.0
1768465260852,89.579,22000.0,89.529,22000.0
1768465261049,89.575,22000.0,89.543,22000.0
1768465261188,89.557,22000.0,89.537,22000.0
1768465261288,89.528,22000.0,89.508,22000.0
1768465261377,89.488,22000.0,89.456,22000.0
1768465261535,89.49,22000.0,89.446,22000.0
1768465261699,89.5,22000.0,89.45,22000.0
1768465262026,89.494,22000.0,89.446,22000.0
1768465262281,89.489,22000.0,89.439,22000.0
1768465262532,89.491,22000.0,89.431,22000.0
1768465262679,89.483,22000.0,89.451,22000.0
1768465263000,89.493,22000.0,89.443,22000.0
1768465263281,89.495,22000.0,89.445,22000.0
1768465263820,89.494,22000.0,89.444,22000.0
1768465264070,89.495,22000.0,89.445,22000.0
1768465264567,89.483,22000.0,89.451,22000.0
1768465267034,89.501,22000.0,89.451,22000.0
1768465267360,89.51,22000.0,89.478,22000.0
1768465268011,89.509,22000.0,89.459,22000.0
1768465268158,89.506,22000.0,89.456,22000.0
1768465268409,89.507,22000.0,89.457,22000.0
1768465268888,89.506,22000.0,89.456,22000.0
1768465269783,89.507,22000.0,89.457,22000.0
1768465270036,89.508,22000.0,89.458,22000.0
1768465270284,89.507,22000.0,89.457,22000.0
1768465270725,89.508,22000.0,89.458,22000.0
1768465270983,89.516,22000.0,89.456,22000.0
1768465271090,89.509,22000.0,89.459,22000.0
1768465271976,89.504,22000.0,89.454,22000.0
1768465272934,89.509,22000.0,89.459,22000.0
1768465273077,89.514,22000.0,89.464,22000.0
1768465273180,89.513,22000.0,89.463,22000.0
1768465273403,89.509,22000.0,89.459,22000.0
1768465273932,89.504,22000.0,89.454,22000.0
1768465274378,89.47,22000.0,89.45,22000.0
1768465274682,89.472,22000.0,89.44,22000.0
1768465275678,89.473,22000.0,89.423,22000.0
1768465275977,89.471,22000.0,89.421,22000.0
1768465276477,89.46,22000.0,89.428,22000.0
1768465276652,89.435,22000.0,89.415,22000.0
1768465276977,89.441,22000.0,89.391,22000.0
1768465277479,89.436,22000.0,89.386,22000.0
1768465277628,89.439,22000.0,89.389,22000.0
1768465277963,89.412,22000.0,89.38,22000.0
1768465278232,89.411,22000.0,89.379,22000.0
1768465283221,89.399,22000.0,89.379,22000.0
1768465283293,89.385,22000.0,89.353,22000.0
1768465284458,89.383,22000.0,89.351,22000.0
1768465286223,89.375,22000.0,89.355,22000.0
1768465286332,89.375,22000.0,89.343,22000.0
1768465286657,89.378,22000.0,89.346,22000.0
1768465287214,89.38,22000.0,89.348,22000.0
1768465288106,89.378,22000.0,89.346,22000.0
1768465288431,89.378,22000.0,89.33,22000.0
1768465288727,89.376,22000.0,89.326,22000.0
1768465288977,89.371,22000.0,89.339,22000.0
1768465289404,89.376,22000.0,89.344,22000.0
1768465289976,89.374,22000.0,89.342,22000.0
1768465290226,89.376,22000.0,89.344,22000.0
1768465291051,89.39,22000.0,89.346,22000.0
1768465291325,89.4,22000.0,89.35,22000.0
1768465292428,89.408,22000.0,89.348,22000.0
1768465292916,89.411,22000.0,89.351,22000.0
1768465293177,89.413,22000.0,89.353,22000.0
1768465293820,89.404,22000.0,89.372,22000.0
1768465295570,89.401,22000.0,89.369,22000.0
1768465295822,89.399,22000.0,89.367,22000.0
1768465295995,89.404,22000.0,89.372,22000.0
1768465298007,89.396,22000.0,89.364,22000.0
1768465298267,89.401,22000.0,89.369,22000.0
1768465298766,89.404,22000.0,89.372,22000.0
1768465298913,89.399,22000.0,89.367,22000.0
1768465300523,89.401,22000.0,89.369,22000.0
1768465303888,89.404,22000.0,89.372,22000.0
1768465305488,89.429,22000.0,89.379,22000.0
1768465307000,89.441,22000.0,89.381,22000.0
1768465307154,89.434,22000.0,89.384,22000.0
1768465307478,89.441,22000.0,89.381,22000.0
1768465308130,89.434,22000.0,89.384,22000.0
1768465308750,89.435,22000.0,89.385,22000.0
1768465309004,89.441,22000.0,89.391,22000.0
1768465312602,89.43,22000.0,89.398,22000.0
1768465312662,89.436,22000.0,89.416,22000.0
1768465312920,89.47,22000.0,89.438,22000.0
1768465314766,89.472,22000.0,89.44,22000.0
1768465314871,89.475,22000.0,89.443,22000.0
1768465316418,89.486,22000.0,89.436,22000.0
1768465317671,89.494,22000.0,89.444,22000.0
1768465317803,89.49,22000.0,89.458,22000.0
1768465319351,89.496,22000.0,89.446,22000.0
1768465320080,89.472,22000.0,89.44,22000.0
1768465320404,89.455,22000.0,89.423,22000.0
1768465321054,89.452,22000.0,89.42,22000.0
1768465321380,89.442,22000.0,89.41,22000.0
1768465323473,89.447,22000.0,89.415,22000.0
1768465323901,89.442,22000.0,89.41,22000.0
1768465324547,89.43,22000.0,89.398,22000.0
1768465324875,89.435,22000.0,89.403,22000.0
1768465326605,89.437,22000.0,89.405,22000.0
1768465329149,89.443,22000.0,89.395,22000.0
1768465329303,89.447,22000.0,89.397,22000.0
1768465329629,89.439,22000.0,89.389,22000.0
1768465330935,89.44,22000.0,89.39,22000.0
1768465331560,89.439,22000.0,89.389,22000.0
1768465331812,89.441,22000.0,89.391,22000.0
1768465332061,89.439,22000.0,89.389,22000.0
1768465332315,89.441,22000.0,89.391,22000.0
1768465333332,89.439,22000.0,89.389,22000.0
1768465335691,89.44,22000.0,89.39,22000.0
1768465335946,89.438,22000.0,89.388,22000.0
1768465336189,89.429,22000.0,89.379,22000.0
1768465337033,89.43,22000.0,89.38,22000.0
1768465337285,89.434,22000.0,89.384,22000.0
1768465338703,89.437,22000.0,89.387,22000.0
1768465338805,89.441,22000.0,89.391,22000.0
1768465339454,89.439,22000.0,89.389,22000.0
1768465339711,89.443,22000.0,89.383,22000.0
1768465339961,89.439,22000.0,89.389,22000.0
1768465340215,89.44,22000.0,89.39,22000.0
1768465340465,89.439,22000.0,89.389,22000.0
1768465340714,89.44,22000.0,89.39,22000.0
1768465340969,89.439,22000.0,89.389,22000.0
1768465341077,89.433,22000.0,89.383,22000.0
1768465341214,89.431,22000.0,89.381,22000.0
1768465341405,89.428,22000.0,89.378,22000.0
1768465341717,89.43,22000.0,89.382,22000.0
1768465342075,89.433,22000.0,89.383,22000.0
1768465343458,89.435,22000.0,89.387,22000.0
1768465343705,89.441,22000.0,89.391,22000.0
1768465344086,89.442,22000.0,89.392,22000.0
1768465344336,89.425,22000.0,89.375,22000.0
1768465344585,89.424,22000.0,89.374,22000.0
1768465347613,89.422,22000.0,89.372,22000.0
1768465347864,89.421,22000.0,89.371,22000.0
1768465348364,89.423,22000.0,89.375,22000.0
1768465348619,89.429,22000.0,89.379,22000.0
1768465348866,89.431,22000.0,89.371,22000.0
1768465349066,89.422,22000.0,89.372,22000.0
1768465349384,89.421,22000.0,89.371,22000.0
1768465349889,89.422,22000.0,89.372,22000.0
1768465350146,89.423,22000.0,89.391,22000.0
1768465350390,89.442,22000.0,89.392,22000.0
1768465350862,89.438,22000.0,89.39,22000.0
1768465351138,89.436,22000.0,89.386,22000.0
1768465352233,89.435,22000.0,89.385,22000.0
1768465352484,89.436,22000.0,89.386,22000.0
1768465353335,89.437,22000.0,89.387,22000.0
1768465353583,89.438,22000.0,89.388,22000.0
1768465353834,89.436,22000.0,89.386,22000.0
1768465353952,89.432,22000.0,89.4,22000.0
1768465354098,89.433,22000.0,89.401,22000.0
1768465354336,89.432,22000.0,89.4,22000.0
1768465354844,89.435,22000.0,89.403,22000.0
1768465355335,89.437,22000.0,89.405,22000.0
1768465355579,89.456,22000.0,89.424,22000.0
1768465355842,89.457,22000.0,89.425,22000.0
1768465356820,89.46,22000.0,89.41,22000.0
1768465357128,89.459,22000.0,89.409,22000.0
1768465357379,89.463,22000.0,89.415,22000.0
1768465358939,89.46,22000.0,89.428,22000.0
1768465359482,89.457,22000.0,89.425,22000.0
1768465360480,89.46,22000.0,89.428,22000.0
1768465361448,89.465,22000.0,89.433,22000.0
1768465361865,89.46,22000.0,89.428,22000.0
1768465363529,89.457,22000.0,89.425,22000.0
1768465364031,89.454,22000.0,89.404,22000.0
1768465364280,89.455,22000.0,89.405,22000.0
1768465364531,89.454,22000.0,89.404,22000.0
1768465365304,89.455,22000.0,89.405,22000.0
1768465365664,89.456,22000.0,89.406,22000.0
1768465366156,89.454,22000.0,89.404,22000.0
1768465366320,89.442,22000.0,89.41,22000.0
1768465368873,89.459,22000.0,89.409,22000.0
1768465369197,89.454,22000.0,89.404,22000.0
1768465370833,89.459,22000.0,89.409,22000.0
1768465376890,89.46,22000.0,89.41,22000.0
1768465377139,89.463,22000.0,89.415,22000.0
1768465377395,89.475,22000.0,89.425,22000.0
1768465377543,89.457,22000.0,89.425,22000.0
1768465379519,89.453,22000.0,89.433,22000.0
1768465379768,89.486,22000.0,89.436,22000.0
1768465380713,89.488,22000.0,89.44,22000.0
1768465380945,89.482,22000.0,89.45,22000.0
1768465382486,89.49,22000.0,89.44,22000.0
1768465382892,89.498,22000.0,89.438,22000.0
1768465383214,89.496,22000.0,89.446,22000.0
1768465384718,89.508,22000.0,89.468,22000.0
1768465384987,89.521,22000.0,89.471,22000.0
1768465385691,89.51,22000.0,89.478,22000.0
1768465386783,89.521,22000.0,89.471,22000.0
1768465387320,89.515,22000.0,89.483,22000.0
1768465387428,89.536,22000.0,89.486,22000.0
1768465387753,89.534,22000.0,89.484,22000.0
1768465388058,89.535,22000.0,89.485,22000.0
1768465388310,89.539,22000.0,89.489,22000.0
1768465388405,89.54,22000.0,89.508,22000.0
1768465390434,89.519,22000.0,89.499,22000.0
1768465390684,89.504,22000.0,89.484,22000.0
1768465390731,89.467,22000.0,89.435,22000.0
1768465390933,89.465,22000.0,89.433,22000.0
1768465394310,89.466,22000.0,89.434,22000.0
1768465394478,89.505,22000.0,89.455,22000.0
1768465395087,89.506,22000.0,89.456,22000.0
1768465397049,89.511,22000.0,89.467,22000.0
1768465397297,89.526,22000.0,89.476,22000.0
1768465397452,89.519,22000.0,89.469,22000.0
1768465399040,89.522,22000.0,89.472,22000.0
1768465399292,89.519,22000.0,89.469,22000.0
1768465400052,89.52,22000.0,89.47,22000.0
1768465400825,89.521,22000.0,89.471,22000.0
1768465401954,89.514,22000.0,89.464,22000.0
1768465402097,89.512,22000.0,89.452,22000.0
1768465402422,89.507,22000.0,89.457,22000.0
1768465402687,89.506,22000.0,89.456,22000.0
1768465403073,89.507,22000.0,89.457,22000.0
1768465403322,89.506,22000.0,89.456,22000.0
1768465403574,89.493,22000.0,89.461,22000.0
1768465403739,89.505,22000.0,89.455,22000.0
1768465404389,89.502,22000.0,89.47,22000.0
1768465405800,89.516,22000.0,89.466,22000.0
1768465412042,89.519,22000.0,89.469,22000.0
1768465412287,89.522,22000.0,89.472,22000.0
1768465412453,89.564,22000.0,89.514,22000.0
1768465412675,89.575,22000.0,89.515,22000.0
1768465413201,89.579,22000.0,89.531,22000.0
1768465413322,89.591,22000.0,89.543,22000.0
1768465413451,89.598,22000.0,89.548,22000.0
1768465413649,89.594,22000.0,89.544,22000.0
1768465414203,89.585,22000.0,89.535,22000.0
1768465414453,89.567,22000.0,89.535,22000.0
1768465414623,89.576,22000.0,89.516,22000.0
1768465414948,89.566,22000.0,89.516,22000.0
1768465415220,89.564,22000.0,89.514,22000.0
1768465418104,89.566,22000.0,89.516,22000.0
1768465418247,89.574,22000.0,89.524,22000.0
1768465419323,89.576,22000.0,89.526,22000.0
1768465419427,89.575,22000.0,89.543,22000.0
1768465421594,89.561,22000.0,89.541,22000.0
1768465421849,89.556,22000.0,89.496,22000.0
1768465422347,89.555,22000.0,89.495,22000.0
1768465423599,89.554,22000.0,89.494,22000.0
1768465423866,89.548,22000.0,89.488,22000.0
1768465424661,89.546,22000.0,89.496,22000.0
1768465424910,89.544,22000.0,89.512,22000.0
1768465428112,89.545,22000.0,89.513,22000.0
1768465428193,89.576,22000.0,89.526,22000.0
1768465430126,89.578,22000.0,89.518,22000.0
1768465430286,89.577,22000.0,89.527,22000.0
1768465430609,89.554,22000.0,89.522,22000.0
1768465431997,89.573,22000.0,89.513,22000.0
1768465432478,89.578,22000.0,89.518,22000.0
1768465434142,89.573,22000.0,89.513,22000.0
1768465434393,89.563,22000.0,89.503,22000.0
1768465434643,89.556,22000.0,89.506,22000.0
1768465436093,89.553,22000.0,89.493,22000.0
1768465439145,89.552,22000.0,89.502,22000.0
1768465439405,89.566,22000.0,89.506,22000.0
1768465440551,89.567,22000.0,89.507,22000.0
1768465442014,89.566,22000.0,89.516,22000.0
1768465442508,89.568,22000.0,89.508,22000.0
1768465443218,89.561,22000.0,89.511,22000.0
1768465443442,89.553,22000.0,89.493,22000.0
1768465444091,89.546,22000.0,89.496,22000.0
1768465444633,89.532,22000.0,89.5,22000.0
1768465444742,89.538,22000.0,89.478,22000.0
1768465445068,89.528,22000.0,89.478,22000.0
1768465445381,89.528,22000.0,89.468,22000.0
1768465446954,89.526,22000.0,89.476,22000.0
1768465447209,89.527,22000.0,89.477,22000.0
1768465447437,89.538,22000.0,89.478,22000.0
1768465450890,89.536,22000.0,89.486,22000.0
1768465451016,89.528,22000.0,89.478,22000.0
1768465451141,89.525,22000.0,89.475,22000.0
1768465451341,89.518,22000.0,89.468,22000.0
1768465452320,89.515,22000.0,89.465,22000.0
1768465452571,89.512,22000.0,89.452,22000.0
1768465452822,89.508,22000.0,89.458,22000.0
1768465453926,89.509,22000.0,89.459,22000.0
1768465454177,89.508,22000.0,89.458,22000.0
1768465454693,89.509,22000.0,89.459,22000.0
1768465454946,89.51,22000.0,89.45,22000.0
1768465455442,89.512,22000.0,89.452,22000.0
1768465455809,89.515,22000.0,89.455,22000.0
1768465456673,89.516,22000.0,89.456,22000.0
1768465456924,89.513,22000.0,89.463,22000.0
1768465457054,89.521,22000.0,89.461,22000.0
1768465457673,89.522,22000.0,89.462,22000.0
1768465457924,89.521,22000.0,89.461,22000.0
1768465458174,89.522,22000.0,89.462,22000.0
1768465458354,89.514,22000.0,89.464,22000.0
1768465458676,89.513,22000.0,89.463,22000.0
1768465460380,89.514,22000.0,89.464,22000.0
1768465460637,89.519,22000.0,89.475,22000.0
1768465460869,89.509,22000.0,89.459,22000.0
1768465461058,89.504,22000.0,89.454,22000.0
1768465461371,89.507,22000.0,89.459,22000.0
1768465461620,89.52,22000.0,89.46,22000.0
1768465462626,89.518,22000.0,89.468,22000.0
1768465462874,89.531,22000.0,89.471,22000.0
1768465463125,89.532,22000.0,89.472,22000.0
1768465463897,89.531,22000.0,89.471,22000.0
1768465464276,89.529,22000.0,89.469,22000.0
1768465464403,89.527,22000.0,89.467,22000.0
1768465464509,89.523,22000.0,89.473,22000.0
1768465464760,89.527,22000.0,89.467,22000.0
1768465465385,89.523,22000.0,89.473,22000.0
1768465465648,89.529,22000.0,89.469,22000.0
1768465466262,89.528,22000.0,89.468,22000.0
1768465467304,89.529,22000.0,89.469,22000.0
1768465467700,89.531,22000.0,89.471,22000.0
1768465467958,89.53,22000.0,89.47,22000.0
1768465468399,89.537,22000.0,89.467,22000.0
1768465468633,89.518,22000.0,89.468,22000.0
1768465468886,89.52,22000.0,89.46,22000.0
1768465469328,89.523,22000.0,89.463,22000.0
1768465469658,89.524,22000.0,89.464,22000.0
1768465469923,89.523,22000.0,89.463,22000.0
1768465470173,89.515,22000.0,89.455,22000.0
1768465470301,89.512,22000.0,89.452,22000.0
1768465470420,89.511,22000.0,89.461,22000.0
1768465470630,89.522,22000.0,89.462,22000.0
1768465470922,89.531,22000.0,89.481,22000.0
1768465471172,89.552,22000.0,89.502,22000.0
1768465471278,89.555,22000.0,89.495,22000.0
1768465471423,89.559,22000.0,89.499,22000.0
1768465471674,89.566,22000.0,89.496,22000.0
1768465471922,89.562,22000.0,89.502,22000.0
1768465472170,89.563,22000.0,89.503,22000.0
1768465472421,89.564,22000.0,89.504,22000.0
1768465472993,89.565,22000.0,89.505,22000.0
1768465473244,89.558,22000.0,89.508,22000.0
1768465473494,89.559,22000.0,89.509,22000.0
1768465474056,89.564,22000.0,89.504,22000.0
1768465474561,89.565,22000.0,89.505,22000.0
1768465474807,89.566,22000.0,89.506,22000.0
1768465474957,89.569,22000.0,89.509,22000.0
1768465475057,89.563,22000.0,89.513,22000.0
1768465475808,89.564,22000.0,89.514,22000.0
1768465476063,89.572,22000.0,89.512,22000.0
1768465476844,89.559,22000.0,89.509,22000.0
1768465477094,89.549,22000.0,89.489,22000.0
1768465477343,89.536,22000.0,89.486,22000.0
1768465477586,89.533,22000.0,89.483,22000.0
1768465477845,89.53,22000.0,89.48,22000.0
1768465478097,89.53,22000.0,89.47,22000.0
1768465478406,89.531,22000.0,89.471,22000.0
1768465478563,89.532,22000.0,89.472,22000.0
1768465478907,89.536,22000.0,89.476,22000.0
1768465479406,89.535,22000.0,89.475,22000.0
1768465480104,89.536,22000.0,89.476,22000.0
1768465480393,89.534,22000.0,89.474,22000.0
1768465480646,89.535,22000.0,89.475,22000.0
1768465480912,89.533,22000.0,89.473,22000.0
1768465481145,89.534,22000.0,89.484,22000.0
1768465481396,89.536,22000.0,89.476,22000.0
1768465481645,89.538,22000.0,89.478,22000.0
1768465481904,89.539,22000.0,89.479,22000.0
1768465482050,89.546,22000.0,89.486,22000.0
1768465482153,89.552,22000.0,89.492,22000.0
1768465482374,89.557,22000.0,89.487,22000.0
1768465483045,89.553,22000.0,89.493,22000.0
1768465483296,89.555,22000.0,89.485,22000.0
1768465483562,89.543,22000.0,89.483,22000.0
1768465484048,89.544,22000.0,89.484,22000.0
1768465484296,89.543,22000.0,89.483,22000.0
1768465484454,89.554,22000.0,89.504,22000.0
1768465484779,89.566,22000.0,89.506,22000.0
1768465486213,89.571,22000.0,89.511,22000.0
1768465486405,89.578,22000.0,89.518,22000.0
1768465486716,89.579,22000.0,89.519,22000.0
1768465486976,89.581,22000.0,89.521,22000.0
1768465493664,89.579,22000.0,89.529,22000.0
1768465493916,89.593,22000.0,89.533,22000.0
1768465494414,89.594,22000.0,89.534,22000.0
1768465499242,89.593,22000.0,89.533,22000.0
1768465499741,89.589,22000.0,89.529,22000.0
1768465500073,89.59,22000.0,89.53,22000.0
1768465500222,89.601,22000.0,89.553,22000.0
1768465500329,89.615,22000.0,89.555,22000.0
1768465500556,89.566,22000.0,89.546,22000.0
1768465500569,89.554,22000.0,89.534,22000.0
1768465500718,89.541,22000.0,89.521,22000.0
1768465500873,89.523,22000.0,89.473,22000.0
1768465501198,89.535,22000.0,89.475,22000.0
1768465501468,89.526,22000.0,89.476,22000.0
1768465501721,89.513,22000.0,89.465,22000.0
1768465501848,89.499,22000.0,89.449,22000.0
1768465501970,89.498,22000.0,89.448,22000.0
1768465502171,89.509,22000.0,89.459,22000.0
1768465502471,89.523,22000.0,89.463,22000.0
1768465502925,89.524,22000.0,89.464,22000.0
1768465503184,89.537,22000.0,89.467,22000.0
1768465503424,89.531,22000.0,89.471,22000.0
1768465506531,89.533,22000.0,89.473,22000.0
1768465506783,89.531,22000.0,89.471,22000.0
1768465507029,89.512,22000.0,89.48,22000.0
1768465507189,89.531,22000.0,89.471,22000.0
1768465507840,89.533,22000.0,89.473,22000.0
1768465507966,89.534,22000.0,89.474,22000.0
1768465508163,89.541,22000.0,89.471,22000.0
1768465508470,89.542,22000.0,89.472,22000.0
1768465508716,89.541,22000.0,89.471,22000.0
1768465509472,89.535,22000.0,89.475,22000.0
1768465509709,89.536,22000.0,89.476,22000.0
1768465509965,89.544,22000.0,89.474,22000.0
1768465510157,89.538,22000.0,89.478,22000.0
1768465510925,89.537,22000.0,89.477,22000.0
1768465511134,89.536,22000.0,89.476,22000.0
1768465511395,89.534,22000.0,89.474,22000.0
1768465511654,89.535,22000.0,89.475,22000.0
1768465511893,89.534,22000.0,89.474,22000.0
1768465512510,89.535,22000.0,89.475,22000.0
1768465513011,89.532,22000.0,89.472,22000.0
1768465513768,89.52,22000.0,89.47,22000.0
1768465514032,89.505,22000.0,89.445,22000.0
1768465514185,89.506,22000.0,89.446,22000.0
1768465514510,89.498,22000.0,89.448,22000.0
1768465515887,89.501,22000.0,89.451,22000.0
1768465516129,89.504,22000.0,89.464,22000.0
1768465516381,89.52,22000.0,89.47,22000.0
1768465516881,89.518,22000.0,89.468,22000.0
1768465517131,89.52,22000.0,89.47,22000.0
1768465517673,89.519,22000.0,89.469,22000.0
1768465517833,89.516,22000.0,89.466,22000.0
1768465518161,89.507,22000.0,89.447,22000.0
1768465518423,89.505,22000.0,89.455,22000.0
1768465518674,89.504,22000.0,89.454,22000.0
1768465518923,89.503,22000.0,89.453,22000.0
1768465519630,89.504,22000.0,89.454,22000.0
1768465519881,89.503,22000.0,89.453,22000.0
1768465520380,89.502,22000.0,89.452,22000.0
1768465520631,89.503,22000.0,89.453,22000.0
1768465520884,89.507,22000.0,89.447,22000.0
1768465521130,89.504,22000.0,89.454,22000.0
1768465521380,89.502,22000.0,89.452,22000.0
1768465521631,89.506,22000.0,89.446,22000.0
1768465522382,89.504,22000.0,89.454,22000.0
1768465524107,89.503,22000.0,89.453,22000.0
1768465524858,89.506,22000.0,89.446,22000.0
1768465524962,89.508,22000.0,89.448,22000.0
1768465525107,89.518,22000.0,89.458,22000.0
1768465525281,89.516,22000.0,89.456,22000.0
1768465525603,89.51,22000.0,89.45,22000.0
1768465525862,89.511,22000.0,89.451,22000.0
1768465526461,89.51,22000.0,89.45,22000.0
1768465526711,89.509,22000.0,89.449,22000.0
1768465526961,89.505,22000.0,89.445,22000.0
1768465527129,89.496,22000.0,89.436,22000.0
1768465527455,89.511,22000.0,89.441,22000.0
1768465528014,89.512,22000.0,89.442,22000.0
1768465528275,89.511,22000.0,89.441,22000.0
1768465529325,89.514,22000.0,89.444,22000.0
1768465529584,89.515,22000.0,89.445,22000.0
1768465529851,89.513,22000.0,89.443,22000.0
1768465530101,89.515,22000.0,89.445,22000.0
1768465530298,89.52,22000.0,89.45,22000.0
1768465530595,89.521,22000.0,89.451,22000.0
1768465531884,89.522,22000.0,89.452,22000.0
1768465531996,89.512,22000.0,89.452,22000.0
1768465532126,89.508,22000.0,89.448,22000.0
1768465532322,89.498,22000.0,89.438,22000.0
1768465533912,89.5,22000.0,89.44,22000.0
1768465534154,89.501,22000.0,89.441,22000.0
1768465536283,89.498,22000.0,89.448,22000.0
1768465536533,89.517,22000.0,89.457,22000.0
1768465536677,89.521,22000.0,89.471,22000.0
1768465537027,89.54,22000.0,89.47,22000.0
1768465537274,89.544,22000.0,89.5,22000.0
1768465537521,89.573,22000.0,89.513,22000.0
1768465537653,89.578,22000.0,89.518,22000.0
1768465538299,89.564,22000.0,89.514,22000.0
1768465539045,89.566,22000.0,89.506,22000.0
1768465539277,89.555,22000.0,89.505,22000.0
1768465539543,89.558,22000.0,89.498,22000.0
1768465540601,89.561,22000.0,89.501,22000.0
1768465540754,89.558,22000.0,89.498,22000.0
1768465541895,89.556,22000.0,89.506,22000.0
1768465542115,89.553,22000.0,89.503,22000.0
1768465542395,89.551,22000.0,89.501,22000.0
1768465542647,89.541,22000.0,89.491,22000.0
1768465542766,89.544,22000.0,89.494,22000.0
1768465542895,89.545,22000.0,89.495,22000.0
1768465543090,89.554,22000.0,89.494,22000.0
1768465543880,89.553,22000.0,89.493,22000.0
1768465544132,89.554,22000.0,89.494,22000.0
1768465544508,89.566,22000.0,89.496,22000.0
1768465544634,89.561,22000.0,89.501,22000.0
1768465545405,89.563,22000.0,89.503,22000.0
1768465545638,89.565,22000.0,89.495,22000.0
1768465545886,89.562,22000.0,89.502,22000.0
1768465546135,89.563,22000.0,89.503,22000.0
1768465546388,89.564,22000.0,89.504,22000.0
1768465546635,89.563,22000.0,89.503,22000.0
1768465547134,89.56,22000.0,89.5,22000.0
1768465547400,89.559,22000.0,89.499,22000.0
1768465550125,89.556,22000.0,89.496,22000.0
1768465550587,89.554,22000.0,89.494,22000.0
1768465550872,89.553,22000.0,89.493,22000.0
1768465551308,89.554,22000.0,89.494,22000.0
1768465551559,89.555,22000.0,89.495,22000.0
1768465551809,89.554,22000.0,89.494,22000.0
1768465552059,89.555,22000.0,89.495,22000.0
1768465552193,89.556,22000.0,89.496,22000.0
1768465553089,89.557,22000.0,89.497,22000.0
1768465553338,89.555,22000.0,89.505,22000.0
1768465553588,89.573,22000.0,89.513,22000.0
1768465554066,89.581,22000.0,89.511,22000.0
1768465556192,89.571,22000.0,89.511,22000.0
1768465556300,89.563,22000.0,89.503,22000.0
1768465556876,89.564,22000.0,89.504,22000.0
1768465557126,89.569,22000.0,89.509,22000.0
1768465559129,89.568,22000.0,89.508,22000.0
1768465559877,89.569,22000.0,89.509,22000.0
1768465560129,89.555,22000.0,89.505,22000.0
1768465560253,89.542,22000.0,89.472,22000.0
1768465560628,89.539,22000.0,89.469,22000.0
1768465561131,89.544,22000.0,89.504,22000.0
1768465561379,89.577,22000.0,89.517,22000.0
1768465561685,89.578,22000.0,89.518,22000.0
1768465562184,89.576,22000.0,89.516,22000.0
1768465562433,89.58,22000.0,89.51,22000.0
1768465562683,89.577,22000.0,89.557,22000.0
1768465562850,89.611,22000.0,89.579,22000.0
1768465563184,89.612,22000.0,89.58,22000.0
1768465564678,89.613,22000.0,89.565,22000.0
1768465565009,89.593,22000.0,89.543,22000.0
1768465565262,89.596,22000.0,89.536,22000.0
1768465565510,89.593,22000.0,89.543,22000.0
1768465565770,89.594,22000.0,89.544,22000.0
1768465565977,89.582,22000.0,89.55,22000.0
1768465566510,89.578,22000.0,89.518,22000.0
1768465567974,89.579,22000.0,89.519,22000.0
1768465568018,89.586,22000.0,89.566,22000.0
1768465568271,89.594,22000.0,89.574,22000.0
1768465568308,89.637,22000.0,89.605,22000.0
1768465568636,89.645,22000.0,89.595,22000.0
1768465569069,89.643,22000.0,89.595,22000.0
1768465569325,89.646,22000.0,89.596,22000.0
1768465569568,89.645,22000.0,89.595,22000.0
1768465569816,89.626,22000.0,89.606,22000.0
1768465569938,89.631,22000.0,89.583,22000.0
1768465570068,89.629,22000.0,89.579,22000.0
1768465570748,89.628,22000.0,89.578,22000.0
1768465571020,89.627,22000.0,89.577,22000.0
1768465571509,89.628,22000.0,89.578,22000.0
1768465572467,89.629,22000.0,89.579,22000.0
1768465572965,89.627,22000.0,89.577,22000.0
1768465573217,89.626,22000.0,89.576,22000.0
1768465573457,89.624,22000.0,89.574,22000.0
1768465574078,89.623,22000.0,89.573,22000.0
1768465574329,89.614,22000.0,89.564,22000.0
1768465574756,89.604,22000.0,89.556,22000.0
1768465575080,89.603,22000.0,89.553,22000.0
1768465575335,89.606,22000.0,89.556,22000.0
1768465575585,89.608,22000.0,89.558,22000.0
1768465576342,89.609,22000.0,89.559,22000.0
1768465576587,89.616,22000.0,89.572,22000.0
1768465576676,89.626,22000.0,89.594,22000.0
1768465578170,89.64,22000.0,89.59,22000.0
1768465578292,89.648,22000.0,89.598,22000.0
1768465578418,89.65,22000.0,89.6,22000.0
1768465578618,89.649,22000.0,89.599,22000.0
1768465578676,89.616,22000.0,89.596,22000.0
1768465578678,89.6,22000.0,89.58,22000.0
1768465578911,89.602,22000.0,89.582,22000.0
1768465578942,89.581,22000.0,89.531,22000.0
1768465579164,89.58,22000.0,89.53,22000.0
1768465579265,89.579,22000.0,89.529,22000.0
1768465579412,89.578,22000.0,89.528,22000.0
1768465579592,89.579,22000.0,89.529,22000.0
1768465581218,89.582,22000.0,89.562,22000.0
1768465581507,89.618,22000.0,89.598,22000.0
1768465581543,89.626,22000.0,89.606,22000.0
1768465581758,89.629,22000.0,89.609,22000.0
1768465582008,89.627,22000.0,89.607,22000.0
1768465582258,89.628,22000.0,89.608,22000.0
1768465584105,89.629,22000.0,89.609,22000.0
1768465584421,89.639,22000.0,89.607,22000.0
1768465584656,89.661,22000.0,89.613,22000.0
1768465584956,89.663,22000.0,89.613,22000.0
1768465585205,89.662,22000.0,89.612,22000.0
1768465585744,89.661,22000.0,89.611,22000.0
1768465586582,89.662,22000.0,89.612,22000.0
1768465586744,89.663,22000.0,89.613,22000.0
1768465587374,89.661,22000.0,89.611,22000.0
1768465587625,89.659,22000.0,89.611,22000.0
1768465589727,89.66,22000.0,89.61,22000.0
1768465589983,89.651,22000.0,89.607,22000.0
1768465590222,89.644,22000.0,89.594,22000.0
1768465590727,89.646,22000.0,89.596,22000.0
1768465591226,89.647,22000.0,89.597,22000.0
1768465591478,89.646,22000.0,89.596,22000.0
1768465591728,89.642,22000.0,89.592,22000.0
1768465592153,89.641,22000.0,89.591,22000.0
1768465592805,89.642,22000.0,89.592,22000.0
1768465594504,89.635,22000.0,89.587,22000.0
1768465594760,89.627,22000.0,89.587,22000.0
1768465595015,89.618,22000.0,89.568,22000.0
1768465595137,89.619,22000.0,89.569,22000.0
1768465595250,89.62,22000.0,89.57,22000.0
1768465595462,89.616,22000.0,89.566,22000.0
1768465595755,89.615,22000.0,89.565,22000.0
1768465596001,89.611,22000.0,89.563,22000.0
1768465596113,89.602,22000.0,89.552,22000.0
1768465596437,89.607,22000.0,89.557,22000.0
1768465597001,89.605,22000.0,89.555,22000.0
1768465597255,89.593,22000.0,89.561,22000.0
1768465597412,89.601,22000.0,89.551,22000.0
1768465598881,89.6,22000.0,89.55,22000.0
1768465599037,89.586,22000.0,89.536,22000.0
1768465599362,89.585,22000.0,89.535,22000.0
1768465600084,89.583,22000.0,89.533,22000.0
1768465600839,89.562,22000.0,89.512,22000.0
1768465600987,89.564,22000.0,89.514,22000.0
1768465601640,89.574,22000.0,89.554,22000.0
1768465601899,89.602,22000.0,89.552,22000.0
1768465602944,89.603,22000.0,89.553,22000.0
1768465603442,89.607,22000.0,89.557,22000.0
1768465604194,89.606,22000.0,89.556,22000.0
1768465604467,89.604,22000.0,89.554,22000.0
1768465604711,89.593,22000.0,89.553,22000.0
1768465604900,89.579,22000.0,89.529,22000.0
1768465605199,89.581,22000.0,89.531,22000.0
1768465605560,89.583,22000.0,89.533,22000.0
1768465606063,89.576,22000.0,89.526,22000.0
1768465607064,89.578,22000.0,89.53,22000.0
1768465607221,89.595,22000.0,89.545,22000.0
1768465607546,89.6,22000.0,89.55,22000.0
1768465608991,89.599,22000.0,89.549,22000.0
1768465609922,89.592,22000.0,89.544,22000.0
1768465610174,89.587,22000.0,89.543,22000.0
1768465610423,89.568,22000.0,89.518,22000.0
1768465610672,89.569,22000.0,89.519,22000.0
1768465610843,89.571,22000.0,89.521,22000.0
1768465612850,89.574,22000.0,89.524,22000.0
1768465614362,89.577,22000.0,89.527,22000.0
1768465614611,89.58,22000.0,89.532,22000.0
1768465614846,89.598,22000.0,89.548,22000.0
1768465615096,89.599,22000.0,89.549,22000.0
1768465615306,89.6,22000.0,89.55,22000.0
1768465616138,89.599,22000.0,89.549,22000.0
1768465617883,89.601,22000.0,89.551,22000.0
1768465618132,89.612,22000.0,89.562,22000.0
1768465618283,89.61,22000.0,89.56,22000.0
1768465618407,89.609,22000.0,89.559,22000.0
1768465618610,89.61,22000.0,89.56,22000.0
1768465618915,89.611,22000.0,89.561,22000.0
1768465620558,89.612,22000.0,89.562,22000.0
1768465621495,89.614,22000.0,89.564,22000.0
1768465622632,89.62,22000.0,89.57,22000.0
1768465622883,89.621,22000.0,89.571,22000.0
1768465623723,89.622,22000.0,89.572,22000.0
1768465623974,89.621,22000.0,89.571,22000.0
1768465624479,89.609,22000.0,89.569,22000.0
1768465624723,89.603,22000.0,89.553,22000.0
1768465627088,89.606,22000.0,89.556,22000.0
1768465627627,89.607,22000.0,89.557,22000.0
1768465627899,89.606,22000.0,89.556,22000.0
1768465628144,89.601,22000.0,89.551,22000.0
1768465630699,89.602,22000.0,89.552,22000.0
1768465630993,89.596,22000.0,89.548,22000.0
1768465631027,89.568,22000.0,89.518,22000.0
1768465631350,89.57,22000.0,89.52,22000.0
1768465632001,89.576,22000.0,89.526,22000.0
1768465632629,89.58,22000.0,89.532,22000.0
1768465632879,89.594,22000.0,89.544,22000.0
1768465633130,89.609,22000.0,89.559,22000.0
1768465633299,89.622,22000.0,89.574,22000.0
1768465633625,89.629,22000.0,89.585,22000.0
1768465633883,89.646,22000.0,89.598,22000.0
1768465634131,89.64,22000.0,89.608,22000.0
1768465634276,89.65,22000.0,89.6,22000.0
1768465634908,89.632,22000.0,89.6,22000.0
1768465635157,89.626,22000.0,89.576,22000.0
1768465635409,89.633,22000.0,89.583,22000.0
1768465635575,89.634,22000.0,89.584,22000.0
1768465635900,89.624,22000.0,89.592,22000.0
1768465636415,89.636,22000.0,89.588,22000.0
1768465636552,89.636,22000.0,89.604,22000.0
1768465636878,89.645,22000.0,89.595,22000.0
1768465637416,89.643,22000.0,89.595,22000.0
1768465637666,89.645,22000.0,89.595,22000.0
1768465637851,89.645,22000.0,89.597,22000.0
1768465639073,89.646,22000.0,89.598,22000.0
1768465639323,89.65,22000.0,89.6,22000.0
1768465639477,89.658,22000.0,89.608,22000.0
1768465640023,89.656,22000.0,89.606,22000.0
1768465640778,89.642,22000.0,89.61,22000.0
1768465641279,89.651,22000.0,89.601,22000.0
1768465645142,89.648,22000.0,89.6,22000.0
1768465645387,89.644,22000.0,89.594,22000.0
1768465645545,89.645,22000.0,89.595,22000.0
1768465646387,89.642,22000.0,89.592,22000.0
1768465646848,89.64,22000.0,89.59,22000.0
1768465647171,89.638,22000.0,89.588,22000.0
1768465647822,89.639,22000.0,89.589,22000.0
1768465647938,89.634,22000.0,89.586,22000.0
1768465648146,89.612,22000.0,89.568,22000.0
1768465648445,89.606,22000.0,89.556,22000.0
1768465649341,89.603,22000.0,89.553,22000.0
1768465649463,89.599,22000.0,89.549,22000.0
1768465649590,89.597,22000.0,89.547,22000.0
1768465650116,89.598,22000.0,89.548,22000.0
1768465650363,89.596,22000.0,89.546,22000.0
1768465650614,89.594,22000.0,89.544,22000.0
1768465651087,89.592,22000.0,89.542,22000.0
1768465651363,89.589,22000.0,89.539,22000.0
1768465652347,89.59,22000.0,89.54,22000.0
1768465652605,89.587,22000.0,89.537,22000.0
1768465652749,89.598,22000.0,89.548,22000.0
1768465652854,89.601,22000.0,89.551,22000.0
1768465653074,89.593,22000.0,89.543,22000.0
1768465653347,89.597,22000.0,89.549,22000.0
1768465653595,89.604,22000.0,89.554,22000.0
1768465653846,89.605,22000.0,89.555,22000.0
1768465654346,89.603,22000.0,89.553,22000.0
1768465654613,89.601,22000.0,89.551,22000.0
1768465654847,89.597,22000.0,89.547,22000.0
1768465655096,89.598,22000.0,89.548,22000.0
1768465655345,89.596,22000.0,89.546,22000.0
1768465655601,89.592,22000.0,89.542,22000.0
1768465656001,89.593,22000.0,89.543,22000.0
1768465656323,89.589,22000.0,89.539,22000.0
1768465656860,89.592,22000.0,89.542,22000.0
1768465656976,89.597,22000.0,89.547,22000.0
1768465657852,89.602,22000.0,89.552,22000.0
1768465658448,89.596,22000.0,89.546,22000.0
1768465658598,89.591,22000.0,89.541,22000.0
1768465658924,89.586,22000.0,89.536,22000.0
1768465659200,89.587,22000.0,89.537,22000.0
1768465659867,89.586,22000.0,89.536,22000.0
1768465660757,89.573,22000.0,89.533,22000.0
1768465660992,89.564,22000.0,89.514,22000.0
1768465661886,89.57,22000.0,89.526,22000.0
1768465662149,89.591,22000.0,89.541,22000.0
1768465662289,89.592,22000.0,89.542,22000.0
1768465662615,89.591,22000.0,89.541,22000.0
1768465664100,89.589,22000.0,89.539,22000.0
1768465664347,89.581,22000.0,89.533,22000.0
1768465664491,89.57,22000.0,89.52,22000.0
1768465664819,89.571,22000.0,89.521,22000.0
1768465665143,89.57,22000.0,89.52,22000.0
1768465665794,89.569,22000.0,89.519,22000.0
1768465666118,89.563,22000.0,89.513,22000.0
1768465666630,89.564,22000.0,89.514,22000.0
1768465666768,89.57,22000.0,89.52,22000.0
1768465666871,89.571,22000.0,89.521,22000.0
1768465668121,89.561,22000.0,89.529,22000.0
1768465669191,89.548,22000.0,89.504,22000.0
1768465669426,89.529,22000.0,89.509,22000.0
1768465669427,89.517,22000.0,89.467,22000.0
1768465669677,89.516,22000.0,89.466,22000.0
1768465670782,89.518,22000.0,89.468,22000.0
1768465671033,89.522,22000.0,89.472,22000.0
1768465671773,89.536,22000.0,89.488,22000.0
1768465672080,89.541,22000.0,89.491,22000.0
1768465672577,89.542,22000.0,89.492,22000.0
1768465673076,89.535,22000.0,89.485,22000.0
1768465673723,89.538,22000.0,89.488,22000.0
1768465674602,89.501,22000.0,89.481,22000.0
1768465674697,89.474,22000.0,89.426,22000.0
1768465674854,89.468,22000.0,89.418,22000.0
1768465675690,89.467,22000.0,89.417,22000.0
1768465676377,89.468,22000.0,89.418,22000.0
1768465676943,89.464,22000.0,89.414,22000.0
1768465677024,89.442,22000.0,89.41,22000.0
1768465677347,89.447,22000.0,89.397,22000.0
1768465677686,89.445,22000.0,89.395,22000.0
1768465677997,89.444,22000.0,89.394,22000.0
1768465678246,89.442,22000.0,89.392,22000.0
1768465678497,89.428,22000.0,89.396,22000.0
1768465678647,89.425,22000.0,89.393,22000.0
1768465680007,89.459,22000.0,89.399,22000.0
1768465680488,89.464,22000.0,89.42,22000.0
1768465680752,89.475,22000.0,89.425,22000.0
1768465681003,89.489,22000.0,89.439,22000.0
1768465681142,89.482,22000.0,89.432,22000.0
1768465682495,89.48,22000.0,89.43,22000.0
1768465682754,89.463,22000.0,89.413,22000.0
1768465682909,89.466,22000.0,89.416,22000.0
1768465684102,89.467,22000.0,89.417,22000.0
1768465684209,89.468,22000.0,89.418,22000.0
1768465685622,89.467,22000.0,89.417,22000.0
1768465685852,89.454,22000.0,89.434,22000.0
1768465685986,89.477,22000.0,89.457,22000.0
1768465686072,89.487,22000.0,89.467,22000.0
1768465686306,89.502,22000.0,89.47,22000.0
1768465686603,89.503,22000.0,89.471,22000.0
1768465686853,89.526,22000.0,89.476,22000.0
1768465686956,89.529,22000.0,89.479,22000.0
1768465687282,89.504,22000.0,89.464,22000.0
1768465687608,89.497,22000.0,89.447,22000.0
1768465687855,89.496,22000.0,89.446,22000.0
1768465688251,89.491,22000.0,89.441,22000.0
1768465693135,89.479,22000.0,89.429,22000.0
1768465693387,89.461,22000.0,89.411,22000.0
1768465696511,89.454,22000.0,89.404,22000.0
1768465696616,89.473,22000.0,89.425,22000.0
1768465696750,89.481,22000.0,89.431,22000.0
1768465696933,89.467,22000.0,89.435,22000.0
1768465697501,89.481,22000.0,89.431,22000.0
1768465697748,89.493,22000.0,89.443,22000.0
1768465697908,89.491,22000.0,89.441,22000.0
1768465698749,89.484,22000.0,89.434,22000.0
1768465699208,89.481,22000.0,89.431,22000.0
1768465699532,89.47,22000.0,89.422,22000.0
1768465699814,89.465,22000.0,89.415,22000.0
1768465700510,89.471,22000.0,89.421,22000.0
1768465702550,89.465,22000.0,89.433,22000.0
1768465703870,89.471,22000.0,89.421,22000.0
1768465704157,89.472,22000.0,89.422,22000.0
1768465704404,89.465,22000.0,89.433,22000.0
1768465704521,89.469,22000.0,89.419,22000.0
1768465705681,89.474,22000.0,89.426,22000.0
1768465705950,89.474,22000.0,89.43,22000.0
1768465706185,89.475,22000.0,89.443,22000.0
1768465706327,89.491,22000.0,89.441,22000.0
1768465707505,89.493,22000.0,89.443,22000.0
1768465707821,89.489,22000.0,89.439,22000.0
1768465709572,89.496,22000.0,89.446,22000.0
1768465712368,89.498,22000.0,89.448,22000.0
1768465712521,89.506,22000.0,89.456,22000.0
1768465713480,89.51,22000.0,89.462,22000.0
1768465713728,89.504,22000.0,89.472,22000.0
1768465713979,89.506,22000.0,89.456,22000.0
1768465714143,89.508,22000.0,89.458,22000.0
1768465714339,89.509,22000.0,89.459,22000.0
1768465714468,89.51,22000.0,89.46,22000.0
1768465714592,89.511,22000.0,89.461,22000.0
1768465714793,89.501,22000.0,89.469,22000.0
1768465717517,89.496,22000.0,89.446,22000.0
1768465718438,89.494,22000.0,89.444,22000.0
1768465718563,89.491,22000.0,89.441,22000.0
1768465719313,89.495,22000.0,89.447,22000.0
1768465719415,89.49,22000.0,89.458,22000.0
1768465719887,89.496,22000.0,89.446,22000.0
1768465720859,89.482,22000.0,89.434,22000.0
1768465721138,89.478,22000.0,89.428,22000.0
1768465723315,89.479,22000.0,89.429,22000.0
1768465723633,89.483,22000.0,89.433,22000.0
1768465723891,89.479,22000.0,89.429,22000.0
1768465724599,89.474,22000.0,89.442,22000.0
1768465724848,89.483,22000.0,89.433,22000.0
1768465725600,89.484,22000.0,89.434,22000.0
1768465725860,89.486,22000.0,89.436,22000.0
1768465725961,89.487,22000.0,89.437,22000.0
1768465726285,89.49,22000.0,89.44,22000.0
1768465726606,89.491,22000.0,89.441,22000.0
1768465726858,89.492,22000.0,89.442,22000.0
1768465727107,89.491,22000.0,89.441,22000.0
1768465727588,89.482,22000.0,89.432,22000.0
1768465728886,89.488,22000.0,89.438,22000.0
1768465730029,89.484,22000.0,89.434,22000.0
1768465730188,89.477,22000.0,89.445,22000.0
1768465731164,89.457,22000.0,89.437,22000.0
1768465731442,89.457,22000.0,89.407,22000.0
1768465732502,89.456,22000.0,89.406,22000.0
1768465732628,89.449,22000.0,89.401,22000.0
1768465732755,89.446,22000.0,89.396,22000.0
1768465735055,89.449,22000.0,89.401,22000.0
1768465735307,89.457,22000.0,89.407,22000.0
1768465736067,89.458,22000.0,89.408,22000.0
1768465736316,89.464,22000.0,89.414,22000.0
1768465737091,89.468,22000.0,89.418,22000.0
1768465738189,89.471,22000.0,89.421,22000.0
1768465740099,89.472,22000.0,89.422,22000.0
1768465740349,89.475,22000.0,89.425,22000.0
1768465740837,89.463,22000.0,89.413,22000.0
1768465741434,89.46,22000.0,89.41,22000.0
1768465741683,89.469,22000.0,89.419,22000.0
1768465741812,89.471,22000.0,89.421,22000.0
1768465743372,89.475,22000.0,89.425,22000.0
1768465743454,89.5,22000.0,89.45,22000.0
1768465743620,89.501,22000.0,89.451,22000.0
1768465743870,89.5,22000.0,89.45,22000.0
1768465744104,89.497,22000.0,89.447,22000.0
1768465744751,89.496,22000.0,89.446,22000.0
1768465746856,89.492,22000.0,89.442,22000.0
1768465747955,89.493,22000.0,89.443,22000.0
1768465748280,89.484,22000.0,89.436,22000.0
1768465748973,89.48,22000.0,89.43,22000.0
1768465751925,89.476,22000.0,89.426,22000.0
1768465756717,89.467,22000.0,89.435,22000.0
1768465758988,89.469,22000.0,89.437,22000.0
1768465759093,89.463,22000.0,89.419,22000.0
1768465759236,89.456,22000.0,89.406,22000.0
1768465759415,89.457,22000.0,89.407,22000.0
1768465760638,89.455,22000.0,89.435,22000.0
1768465760717,89.496,22000.0,89.446,22000.0
1768465761881,89.494,22000.0,89.444,22000.0
1768465762136,89.482,22000.0,89.432,22000.0
1768465762261,89.483,22000.0,89.433,22000.0
1768465765340,89.485,22000.0,89.435,22000.0
1768465765450,89.476,22000.0,89.426,22000.0
1768465767836,89.475,22000.0,89.425,22000.0
1768465767953,89.465,22000.0,89.415,22000.0
1768465768084,89.463,22000.0,89.413,22000.0
1768465774051,89.476,22000.0,89.428,22000.0
1768465774206,89.482,22000.0,89.432,22000.0
1768465775097,89.479,22000.0,89.429,22000.0
1768465775349,89.48,22000.0,89.43,22000.0
1768465775677,89.479,22000.0,89.429,22000.0
1768465776240,89.483,22000.0,89.433,22000.0
1768465776887,89.486,22000.0,89.436,22000.0
1768465778353,89.483,22000.0,89.433,22000.0
1768465779533,89.479,22000.0,89.429,22000.0
1768465779858,89.474,22000.0,89.424,22000.0
1768465780962,89.471,22000.0,89.421,22000.0
1768465781224,89.472,22000.0,89.422,22000.0
1768465781473,89.471,22000.0,89.421,22000.0
1768465782174,89.47,22000.0,89.42,22000.0
1768465783842,89.461,22000.0,89.411,22000.0
1768465786236,89.463,22000.0,89.431,22000.0
1768465786887,89.474,22000.0,89.424,22000.0
1768465787403,89.475,22000.0,89.425,22000.0
1768465787536,89.474,22000.0,89.424,22000.0
1768465789810,89.473,22000.0,89.423,22000.0
1768465790117,89.471,22000.0,89.421,22000.0
1768465790368,89.462,22000.0,89.412,22000.0
1768465794301,89.455,22000.0,89.407,22000.0
1768465794553,89.447,22000.0,89.397,22000.0
1768465795757,89.448,22000.0,89.398,22000.0
1768465796008,89.447,22000.0,89.397,22000.0
1768465797770,89.449,22000.0,89.399,22000.0
1768465798017,89.448,22000.0,89.398,22000.0
1768465798265,89.45,22000.0,89.4,22000.0
1768465798411,89.448,22000.0,89.398,22000.0
1768465798517,89.446,22000.0,89.396,22000.0
1768465800310,89.449,22000.0,89.401,22000.0
1768465800550,89.452,22000.0,89.42,22000.0
1768465800717,89.47,22000.0,89.422,22000.0
1768465801036,89.469,22000.0,89.419,22000.0
1768465801687,89.468,22000.0,89.418,22000.0
1768465802649,89.471,22000.0,89.421,22000.0
1768465802774,89.474,22000.0,89.424,22000.0
1768465802916,89.475,22000.0,89.425,22000.0
1768465803432,89.478,22000.0,89.43,22000.0
1768465803573,89.484,22000.0,89.434,22000.0
1768465803748,89.486,22000.0,89.436,22000.0
1768465804058,89.485,22000.0,89.435,22000.0
1768465804307,89.483,22000.0,89.433,22000.0
1768465804574,89.49,22000.0,89.442,22000.0
1768465805037,89.492,22000.0,89.444,22000.0
1768465805783,89.49,22000.0,89.442,22000.0
1768465806281,89.483,22000.0,89.433,22000.0
1768465806516,89.482,22000.0,89.432,22000.0
1768465806772,89.483,22000.0,89.433,22000.0
1768465807867,89.484,22000.0,89.434,22000.0
1768465808226,89.485,22000.0,89.435,22000.0
1768465808551,89.482,22000.0,89.432,22000.0
1768465809082,89.48,22000.0,89.43,22000.0
1768465809579,89.481,22000.0,89.431,22000.0
1768465809831,89.48,22000.0,89.43,22000.0
1768465810079,89.478,22000.0,89.428,22000.0
1768465810828,89.471,22000.0,89.421,22000.0
1768465811088,89.468,22000.0,89.418,22000.0
1768465811338,89.471,22000.0,89.421,22000.0
1768465813420,89.449,22000.0,89.417,22000.0
1768465813506,89.436,22000.0,89.386,22000.0
1768465813668,89.433,22000.0,89.383,22000.0
1768465813829,89.418,22000.0,89.368,22000.0
1768465814424,89.415,22000.0,89.365,22000.0
1768465814681,89.408,22000.0,89.358,22000.0
1768465814805,89.401,22000.0,89.351,22000.0
1768465818020,89.396,22000.0,89.346,22000.0
1768465818290,89.399,22000.0,89.367,22000.0
1768465818546,89.407,22000.0,89.375,22000.0
1768465818677,89.421,22000.0,89.371,22000.0
1768465818788,89.422,22000.0,89.372,22000.0
1768465819053,89.421,22000.0,89.371,22000.0
1768465819304,89.41,22000.0,89.366,22000.0
1768465819321,89.388,22000.0,89.356,22000.0
1768465819972,89.379,22000.0,89.347,22000.0
1768465821236,89.385,22000.0,89.353,22000.0
1768465821377,89.403,22000.0,89.353,22000.0
1768465822394,89.397,22000.0,89.349,22000.0
1768465822644,89.379,22000.0,89.347,22000.0
1768465822802,89.395,22000.0,89.345,22000.0
1768465823148,89.397,22000.0,89.347,22000.0
1768465824112,89.396,22000.0,89.346,22000.0
1768465824844,89.382,22000.0,89.35,22000.0
1768465825169,89.384,22000.0,89.352,22000.0
1768465826579,89.397,22000.0,89.347,22000.0
1768465826862,89.396,22000.0,89.346,22000.0
1768465827110,89.397,22000.0,89.347,22000.0
1768465829473,89.398,22000.0,89.348,22000.0
1768465829724,89.404,22000.0,89.354,22000.0
1768465830210,89.407,22000.0,89.357,22000.0
1768465831137,89.405,22000.0,89.355,22000.0
1768465831183,89.412,22000.0,89.38,22000.0
1768465831511,89.421,22000.0,89.371,22000.0
1768465831834,89.416,22000.0,89.366,22000.0
1768465832940,89.405,22000.0,89.361,22000.0
1768465833028,89.387,22000.0,89.355,22000.0
1768465833351,89.392,22000.0,89.342,22000.0
1768465833691,89.393,22000.0,89.343,22000.0
1768465833940,89.392,22000.0,89.342,22000.0
1768465834192,89.379,22000.0,89.347,22000.0
1768465834650,89.366,22000.0,89.322,22000.0
1768465834941,89.361,22000.0,89.311,22000.0
1768465835443,89.364,22000.0,89.316,22000.0
1768465835627,89.377,22000.0,89.327,22000.0
1768465835946,89.378,22000.0,89.328,22000.0
1768465836465,89.382,22000.0,89.332,22000.0
1768465836602,89.384,22000.0,89.334,22000.0
1768465836928,89.383,22000.0,89.333,22000.0
1768465837212,89.384,22000.0,89.334,22000.0
1768465837577,89.379,22000.0,89.329,22000.0
1768465839765,89.378,22000.0,89.328,22000.0
1768465840458,89.376,22000.0,89.326,22000.0
1768465840707,89.37,22000.0,89.322,22000.0
1768465840739,89.347,22000.0,89.315,22000.0
1768465841388,89.324,22000.0,89.292,22000.0
1768465841712,89.317,22000.0,89.285,22000.0
1768465842208,89.32,22000.0,89.27,22000.0
1768465842364,89.309,22000.0,89.277,22000.0
1768465842687,89.328,22000.0,89.308,22000.0
1768465842963,89.358,22000.0,89.308,22000.0
1768465843340,89.361,22000.0,89.311,22000.0
1768465845346,89.366,22000.0,89.318,22000.0
1768465845593,89.365,22000.0,89.325,22000.0
1768465845658,89.377,22000.0,89.345,22000.0
1768465847256,89.371,22000.0,89.321,22000.0
1768465847745,89.359,22000.0,89.327,22000.0
1768465848073,89.357,22000.0,89.325,22000.0
1768465849933,89.356,22000.0,89.306,22000.0
1768465850490,89.344,22000.0,89.312,22000.0
1768465850743,89.35,22000.0,89.3,22000.0
1768465851558,89.338,22000.0,89.306,22000.0
1768465852359,89.345,22000.0,89.295,22000.0
1768465852533,89.346,22000.0,89.296,22000.0
1768465857197,89.343,22000.0,89.293,22000.0
1768465857449,89.344,22000.0,89.294,22000.0
1768465857563,89.346,22000.0,89.296,22000.0
1768465859900,89.348,22000.0,89.316,22000.0
1768465860137,89.373,22000.0,89.323,22000.0
1768465860619,89.381,22000.0,89.331,22000.0
1768465860892,89.384,22000.0,89.334,22000.0
1768465861139,89.394,22000.0,89.344,22000.0
1768465861598,89.402,22000.0,89.352,22000.0
1768465861890,89.404,22000.0,89.354,22000.0
1768465864007,89.4,22000.0,89.368,22000.0
1768465864542,89.408,22000.0,89.358,22000.0
1768465864657,89.416,22000.0,89.366,22000.0
1768465864980,89.406,22000.0,89.358,22000.0
1768465865292,89.399,22000.0,89.349,22000.0
1768465865541,89.401,22000.0,89.351,22000.0
1768465865791,89.403,22000.0,89.353,22000.0
1768465869663,89.4,22000.0,89.35,22000.0
1768465869743,89.379,22000.0,89.347,22000.0
1768465872463,89.397,22000.0,89.347,22000.0
1768465872710,89.391,22000.0,89.341,22000.0
1768465874821,89.396,22000.0,89.346,22000.0
1768465875084,89.398,22000.0,89.348,22000.0
1768465875317,89.396,22000.0,89.364,22000.0
1768465876174,89.41,22000.0,89.36,22000.0
1768465876759,89.407,22000.0,89.357,22000.0
1768465877953,89.408,22000.0,89.358,22000.0
1768465878207,89.413,22000.0,89.363,22000.0
1768465892957,89.411,22000.0,89.361,22000.0
1768465893112,89.393,22000.0,89.345,22000.0
1768465893459,89.387,22000.0,89.337,22000.0
1768465894634,89.384,22000.0,89.334,22000.0
1768465894963,89.383,22000.0,89.333,22000.0
1768465897845,89.385,22000.0,89.335,22000.0
1768465898095,89.391,22000.0,89.341,22000.0
1768465898249,89.383,22000.0,89.333,22000.0
1768465898619,89.376,22000.0,89.356,22000.0
1768465898728,89.385,22000.0,89.365,22000.0
1768465898899,89.414,22000.0,89.394,22000.0
1768465899091,89.427,22000.0,89.407,22000.0
1768465899225,89.458,22000.0,89.41,22000.0
1768465899341,89.45,22000.0,89.4,22000.0
1768465899549,89.433,22000.0,89.385,22000.0
1768465899845,89.43,22000.0,89.38,22000.0
1768465900092,89.434,22000.0,89.384,22000.0
1768465900201,89.425,22000.0,89.375,22000.0
1768465900921,89.426,22000.0,89.376,22000.0
1768465902042,89.425,22000.0,89.375,22000.0
1768465902150,89.417,22000.0,89.369,22000.0
1768465902308,89.417,22000.0,89.373,22000.0
1768465902475,89.428,22000.0,89.378,22000.0
1768465902795,89.424,22000.0,89.374,22000.0
1768465903044,89.415,22000.0,89.365,22000.0
1768465903292,89.419,22000.0,89.369,22000.0
1768465903776,89.429,22000.0,89.389,22000.0
1768465903881,89.445,22000.0,89.395,22000.0
1768465904101,89.446,22000.0,89.396,22000.0
1768465904383,89.448,22000.0,89.398,22000.0
1768465904732,89.453,22000.0,89.403,22000.0
1768465905263,89.448,22000.0,89.398,22000.0
1768465905401,89.456,22000.0,89.406,22000.0
1768465905513,89.457,22000.0,89.407,22000.0
1768465905726,89.453,22000.0,89.403,22000.0
1768465906054,89.452,22000.0,89.402,22000.0
1768465906702,89.454,22000.0,89.404,22000.0
1768465906764,89.416,22000.0,89.396,22000.0
1768465906844,89.406,22000.0,89.386,22000.0
1768465907025,89.388,22000.0,89.338,22000.0
1768465907345,89.385,22000.0,89.335,22000.0
1768465907595,89.373,22000.0,89.323,22000.0
1768465907847,89.366,22000.0,89.316,22000.0
1768465908868,89.365,22000.0,89.315,22000.0
1768465908988,89.364,22000.0,89.314,22000.0
1768465909120,89.366,22000.0,89.316,22000.0
1768465909311,89.363,22000.0,89.315,22000.0
1768465909628,89.36,22000.0,89.31,22000.0
1768465909871,89.352,22000.0,89.302,22000.0
1768465910118,89.344,22000.0,89.312,22000.0
1768465910287,89.345,22000.0,89.313,22000.0
1768465911121,89.364,22000.0,89.314,22000.0
1768465912808,89.362,22000.0,89.312,22000.0
1768465913032,89.359,22000.0,89.311,22000.0
1768465913307,89.358,22000.0,89.31,22000.0
1768465913806,89.354,22000.0,89.304,22000.0
1768465914010,89.347,22000.0,89.297,22000.0
1768465914310,89.345,22000.0,89.295,22000.0
1768465914562,89.344,22000.0,89.294,22000.0
1768465914983,89.345,22000.0,89.295,22000.0
1768465915309,89.347,22000.0,89.297,22000.0
1768465915803,89.346,22000.0,89.296,22000.0
1768465916613,89.348,22000.0,89.298,22000.0
1768465916781,89.345,22000.0,89.295,22000.0
1768465917106,89.342,22000.0,89.292,22000.0
1768465917362,89.342,22000.0,89.294,22000.0
1768465917616,89.34,22000.0,89.292,22000.0
1768465917875,89.339,22000.0,89.291,22000.0
1768465918363,89.338,22000.0,89.29,22000.0
1768465918614,89.342,22000.0,89.292,22000.0
1768465918878,89.338,22000.0,89.288,22000.0
1768465919054,89.328,22000.0,89.278,22000.0
1768465919663,89.327,22000.0,89.277,22000.0
1768465919916,89.31,22000.0,89.278,22000.0
1768465921053,89.3,22000.0,89.268,22000.0
1768465921378,89.292,22000.0,89.26,22000.0
1768465922027,89.293,22000.0,89.261,22000.0
1768465922353,89.299,22000.0,89.267,22000.0
1768465922677,89.296,22000.0,89.264,22000.0
1768465923653,89.308,22000.0,89.258,22000.0
1768465923926,89.311,22000.0,89.261,22000.0
1768465924182,89.313,22000.0,89.265,22000.0
1768465924302,89.315,22000.0,89.265,22000.0
1768465924433,89.313,22000.0,89.263,22000.0
1768465925936,89.301,22000.0,89.257,22000.0
1768465926015,89.282,22000.0,89.25,22000.0
1768465926341,89.299,22000.0,89.249,22000.0
1768465926664,89.289,22000.0,89.257,22000.0
1768465927181,89.285,22000.0,89.253,22000.0
1768465927315,89.293,22000.0,89.243,22000.0
1768465927430,89.296,22000.0,89.248,22000.0
1768465927639,89.3,22000.0,89.25,22000.0
1768465928135,89.298,22000.0,89.248,22000.0
1768465928289,89.297,22000.0,89.247,22000.0
1768465928619,89.288,22000.0,89.256,22000.0
1768465928940,89.289,22000.0,89.257,22000.0
1768465929826,89.302,22000.0,89.252,22000.0
1768465931384,89.303,22000.0,89.253,22000.0
1768465931635,89.322,22000.0,89.272,22000.0
1768465931796,89.31,22000.0,89.278,22000.0
1768465932385,89.306,22000.0,89.286,22000.0
1768465932636,89.337,22000.0,89.287,22000.0
1768465932924,89.338,22000.0,89.288,22000.0
1768465933095,89.339,22000.0,89.289,22000.0
1768465933684,89.34,22000.0,89.29,22000.0
1768465934350,89.341,22000.0,89.291,22000.0
1768465934601,89.343,22000.0,89.295,22000.0
1768465934851,89.346,22000.0,89.296,22000.0
1768465935101,89.347,22000.0,89.297,22000.0
1768465936040,89.346,22000.0,89.296,22000.0
1768465936323,89.347,22000.0,89.297,22000.0
1768465936498,89.356,22000.0,89.308,22000.0
1768465936821,89.365,22000.0,89.315,22000.0
1768465937071,89.366,22000.0,89.316,22000.0
1768465938174,89.368,22000.0,89.318,22000.0
1768465938281,89.369,22000.0,89.319,22000.0
1768465938425,89.368,22000.0,89.318,22000.0
1768465938604,89.353,22000.0,89.321,22000.0
1768465938927,89.355,22000.0,89.323,22000.0
1768465940952,89.359,22000.0,89.309,22000.0
1768465941725,89.362,22000.0,89.312,22000.0
1768465942097,89.366,22000.0,89.316,22000.0
1768465942349,89.367,22000.0,89.317,22000.0
1768465942600,89.374,22000.0,89.324,22000.0
1768465942776,89.373,22000.0,89.323,22000.0
1768465943352,89.371,22000.0,89.321,22000.0
1768465944274,89.372,22000.0,89.322,22000.0
1768465944400,89.371,22000.0,89.321,22000.0
1768465944523,89.369,22000.0,89.319,22000.0
1768465947999,89.371,22000.0,89.321,22000.0
1768465948223,89.377,22000.0,89.327,22000.0
1768465948510,89.379,22000.0,89.329,22000.0
1768465951052,89.375,22000.0,89.325,22000.0
1768465951344,89.377,22000.0,89.327,22000.0
1768465951820,89.382,22000.0,89.332,22000.0
1768465952026,89.39,22000.0,89.342,22000.0
1768465952317,89.396,22000.0,89.346,22000.0
1768465952573,89.392,22000.0,89.344,22000.0
1768465952818,89.396,22000.0,89.346,22000.0
1768465953003,89.394,22000.0,89.344,22000.0
1768465953591,89.39,22000.0,89.34,22000.0
1768465953823,89.381,22000.0,89.331,22000.0
1768465953977,89.38,22000.0,89.33,22000.0
1768465954085,89.381,22000.0,89.331,22000.0
1768465954870,89.38,22000.0,89.33,22000.0
1768465955114,89.375,22000.0,89.327,22000.0
1768465955281,89.37,22000.0,89.32,22000.0
1768465956115,89.371,22000.0,89.321,22000.0
1768465956366,89.37,22000.0,89.32,22000.0
1768465956628,89.36,22000.0,89.328,22000.0
1768465957618,89.381,22000.0,89.321,22000.0
1768465957961,89.375,22000.0,89.325,22000.0
1768465958210,89.362,22000.0,89.312,22000.0
1768465958460,89.363,22000.0,89.313,22000.0
1768465960454,89.362,22000.0,89.312,22000.0
1768465961203,89.363,22000.0,89.313,22000.0
1768465963453,89.362,22000.0,89.312,22000.0
1768465964578,89.363,22000.0,89.313,22000.0
1768465967855,89.365,22000.0,89.315,22000.0
1768465968104,89.366,22000.0,89.316,22000.0
1768465969107,89.356,22000.0,89.306,22000.0
1768465969358,89.355,22000.0,89.305,22000.0
1768465969548,89.359,22000.0,89.309,22000.0
1768465969859,89.361,22000.0,89.311,22000.0
1768465970517,89.36,22000.0,89.31,22000.0
1768465971020,89.362,22000.0,89.312,22000.0
1768465971270,89.364,22000.0,89.314,22000.0
1768465971379,89.366,22000.0,89.316,22000.0
1768465974834,89.365,22000.0,89.315,22000.0
1768465975081,89.369,22000.0,89.325,22000.0
1768465975268,89.38,22000.0,89.33,22000.0
1768465977089,89.381,22000.0,89.331,22000.0
1768465977414,89.38,22000.0,89.33,22000.0
1768465978042,89.377,22000.0,89.327,22000.0
1768465978612,89.369,22000.0,89.319,22000.0
1768465978714,89.37,22000.0,89.32,22000.0
1768465979733,89.368,22000.0,89.318,22000.0
1768465979983,89.36,22000.0,89.31,22000.0
1768465981405,89.362,22000.0,89.312,22000.0
1768465981660,89.366,22000.0,89.316,22000.0
1768465981905,89.367,22000.0,89.317,22000.0
1768465982188,89.365,22000.0,89.315,22000.0
1768465982715,89.364,22000.0,89.314,22000.0
1768465982846,89.365,22000.0,89.315,22000.0
1768465983171,89.363,22000.0,89.313,22000.0
1768465983309,89.361,22000.0,89.311,22000.0
1768465983559,89.362,22000.0,89.312,22000.0
1768465984147,89.363,22000.0,89.313,22000.0
1768465987168,89.368,22000.0,89.324,22000.0
1768465987417,89.382,22000.0,89.332,22000.0
1768465988703,89.381,22000.0,89.331,22000.0
1768465989931,89.39,22000.0,89.37,22000.0
1768465990006,89.424,22000.0,89.376,22000.0
1768465990181,89.429,22000.0,89.379,22000.0
1768465990333,89.435,22000.0,89.403,22000.0
1768465990658,89.446,22000.0,89.396,22000.0
1768465990982,89.444,22000.0,89.394,22000.0
1768465991293,89.446,22000.0,89.396,22000.0
1768465991681,89.44,22000.0,89.408,22000.0
1768465992194,89.461,22000.0,89.411,22000.0
1768465994125,89.46,22000.0,89.41,22000.0
1768465994826,89.454,22000.0,89.404,22000.0
1768465995342,89.453,22000.0,89.403,22000.0
1768465997864,89.456,22000.0,89.406,22000.0
1768465998189,89.452,22000.0,89.402,22000.0
1768465998494,89.45,22000.0,89.4,22000.0
1768465998830,89.451,22000.0,89.401,22000.0
1768465999082,89.454,22000.0,89.404,22000.0
1768465999804,89.456,22000.0,89.406,22000.0
1768466000061,89.46,22000.0,89.41,22000.0
1768466000304,89.464,22000.0,89.414,22000.0
1768466001117,89.462,22000.0,89.412,22000.0
1768466001231,89.463,22000.0,89.413,22000.0
1768466001439,89.466,22000.0,89.416,22000.0
1768466003957,89.468,22000.0,89.418,22000.0
1768466010060,89.471,22000.0,89.421,22000.0
1768466010324,89.465,22000.0,89.433,22000.0
1768466011447,89.478,22000.0,89.458,22000.0
1768466011709,89.508,22000.0,89.458,22000.0
1768466016880,89.509,22000.0,89.459,22000.0
1768466017129,89.508,22000.0,89.458,22000.0
1768466017380,89.51,22000.0,89.46,22000.0
1768466017646,89.505,22000.0,89.473,22000.0
1768466017879,89.521,22000.0,89.471,22000.0
1768466018129,89.52,22000.0,89.47,22000.0
1768466018381,89.521,22000.0,89.471,22000.0
1768466020511,89.502,22000.0,89.47,22000.0
1768466020764,89.491,22000.0,89.441,22000.0
1768466021412,89.489,22000.0,89.439,22000.0
1768466021567,89.492,22000.0,89.432,22000.0
1768466022078,89.488,22000.0,89.438,22000.0
1768466022329,89.487,22000.0,89.437,22000.0
1768466022541,89.472,22000.0,89.44,22000.0
1768466023077,89.473,22000.0,89.423,22000.0
1768466023191,89.467,22000.0,89.417,22000.0
1768466023327,89.466,22000.0,89.416,22000.0
1768466023516,89.464,22000.0,89.414,22000.0
1768466024344,89.455,22000.0,89.405,22000.0
1768466024491,89.446,22000.0,89.396,22000.0
1768466024815,89.444,22000.0,89.394,22000.0
1768466025076,89.446,22000.0,89.396,22000.0
1768466025326,89.448,22000.0,89.428,22000.0
1768466025465,89.487,22000.0,89.437,22000.0
1768466025792,89.485,22000.0,89.435,22000.0
1768466026119,89.486,22000.0,89.436,22000.0
1768466026440,89.488,22000.0,89.438,22000.0
1768466030372,89.487,22000.0,89.437,22000.0
1768466030617,89.49,22000.0,89.44,22000.0
1768466030781,89.492,22000.0,89.442,22000.0
1768466032490,89.49,22000.0,89.44,22000.0
1768466033497,89.488,22000.0,89.438,22000.0
1768466035220,89.477,22000.0,89.427,22000.0
1768466035369,89.474,22000.0,89.424,22000.0
1768466036693,89.475,22000.0,89.425,22000.0
1768466036943,89.478,22000.0,89.428,22000.0
1768466037215,89.487,22000.0,89.437,22000.0
1768466037343,89.477,22000.0,89.427,22000.0
1768466038454,89.481,22000.0,89.449,22000.0
1768466038660,89.512,22000.0,89.462,22000.0
1768466039196,89.515,22000.0,89.465,22000.0
1768466039445,89.514,22000.0,89.464,22000.0
1768466039636,89.504,22000.0,89.454,22000.0
1768466042298,89.509,22000.0,89.469,22000.0
1768466042417,89.526,22000.0,89.476,22000.0
1768466043757,89.529,22000.0,89.479,22000.0
1768466044890,89.534,22000.0,89.484,22000.0
1768466045970,89.54,22000.0,89.492,22000.0
1768466046772,89.553,22000.0,89.503,22000.0
1768466049340,89.514,22000.0,89.494,22000.0
1768466049583,89.512,22000.0,89.492,22000.0
1768466049628,89.488,22000.0,89.438,22000.0
1768466051915,89.489,22000.0,89.439,22000.0
1768466052123,89.487,22000.0,89.437,22000.0
1768466052415,89.484,22000.0,89.434,22000.0
1768466052666,89.483,22000.0,89.433,22000.0
1768466052774,89.48,22000.0,89.43,22000.0
1768466053418,89.482,22000.0,89.432,22000.0
1768466053669,89.484,22000.0,89.434,22000.0
1768466054073,89.486,22000.0,89.436,22000.0
1768466054573,89.484,22000.0,89.434,22000.0
1768466054823,89.483,22000.0,89.433,22000.0
1768466055618,89.478,22000.0,89.428,22000.0
1768466055766,89.481,22000.0,89.431,22000.0
1768466056118,89.482,22000.0,89.432,22000.0
1768466056369,89.483,22000.0,89.435,22000.0
1768466056618,89.488,22000.0,89.438,22000.0
1768466056865,89.489,22000.0,89.439,22000.0
1768466057065,89.492,22000.0,89.442,22000.0
1768466057823,89.493,22000.0,89.443,22000.0
1768466058042,89.496,22000.0,89.446,22000.0
1768466058691,89.493,22000.0,89.443,22000.0
1768466059016,89.496,22000.0,89.446,22000.0
1768466061718,89.493,22000.0,89.445,22000.0
1768466061967,89.492,22000.0,89.442,22000.0
1768466062218,89.497,22000.0,89.447,22000.0
1768466062377,89.496,22000.0,89.446,22000.0
1768466063013,89.494,22000.0,89.444,22000.0
1768466063265,89.496,22000.0,89.446,22000.0
1768466063514,89.498,22000.0,89.448,22000.0
1768466066752,89.502,22000.0,89.47,22000.0
1768466067003,89.525,22000.0,89.475,22000.0
1768466067162,89.526,22000.0,89.476,22000.0
1768466068878,89.529,22000.0,89.479,22000.0
1768466069939,89.528,22000.0,89.478,22000.0
1768466070178,89.526,22000.0,89.476,22000.0
1768466070828,89.527,22000.0,89.477,22000.0
1768466070941,89.529,22000.0,89.481,22000.0
1768466071445,89.533,22000.0,89.483,22000.0
1768466071690,89.529,22000.0,89.479,22000.0
1768466072128,89.523,22000.0,89.491,22000.0
1768466072690,89.532,22000.0,89.482,22000.0
1768466073104,89.533,22000.0,89.483,22000.0
1768466073822,89.534,22000.0,89.484,22000.0
1768466074069,89.533,22000.0,89.483,22000.0
1768466074759,89.535,22000.0,89.485,22000.0
1768466075010,89.535,22000.0,89.503,22000.0
1768466075171,89.549,22000.0,89.499,22000.0
1768466076147,89.551,22000.0,89.501,22000.0
1768466076798,89.548,22000.0,89.498,22000.0
1768466077360,89.553,22000.0,89.503,22000.0
1768466078112,89.554,22000.0,89.504,22000.0
1768466078360,89.564,22000.0,89.514,22000.0
1768466078532,89.56,22000.0,89.51,22000.0
1768466079183,89.558,22000.0,89.508,22000.0
1768466079684,89.561,22000.0,89.511,22000.0
1768466080464,89.56,22000.0,89.51,22000.0
1768466080567,89.521,22000.0,89.501,22000.0
1768466080790,89.495,22000.0,89.475,22000.0
1768466080857,89.454,22000.0,89.422,22000.0
1768466081182,89.478,22000.0,89.43,22000.0
1768466081293,89.483,22000.0,89.433,22000.0
1768466081548,89.484,22000.0,89.434,22000.0
1768466082326,89.485,22000.0,89.435,22000.0
1768466082433,89.486,22000.0,89.436,22000.0
1768466083579,89.499,22000.0,89.439,22000.0
1768466083827,89.493,22000.0,89.443,22000.0
1768466084318,89.494,22000.0,89.444,22000.0
1768466085237,89.495,22000.0,89.445,22000.0
1768466085481,89.499,22000.0,89.449,22000.0
1768466085617,89.486,22000.0,89.438,22000.0
1768466085741,89.48,22000.0,89.43,22000.0
1768466087785,89.481,22000.0,89.431,22000.0
1768466088037,89.471,22000.0,89.421,22000.0
1768466088165,89.472,22000.0,89.422,22000.0
1768466088490,89.468,22000.0,89.42,22000.0
1768466088788,89.468,22000.0,89.418,22000.0
1768466089037,89.481,22000.0,89.421,22000.0
1768466089140,89.474,22000.0,89.424,22000.0
1768466094656,89.48,22000.0,89.42,22000.0
1768466094909,89.474,22000.0,89.424,22000.0
1768466095143,89.472,22000.0,89.412,22000.0
1768466095657,89.464,22000.0,89.414,22000.0
1768466095792,89.465,22000.0,89.415,22000.0
1768466096250,89.466,22000.0,89.416,22000.0
1768466096442,89.48,22000.0,89.432,22000.0
1768466096772,89.493,22000.0,89.433,22000.0
1768466097093,89.492,22000.0,89.432,22000.0
1768466097231,89.488,22000.0,89.438,22000.0
1768466097417,89.489,22000.0,89.439,22000.0
1768466098166,89.49,22000.0,89.44,22000.0
1768466098645,89.497,22000.0,89.437,22000.0
1768466099125,89.49,22000.0,89.44,22000.0
1768466099927,89.497,22000.0,89.437,22000.0
1768466101387,89.493,22000.0,89.433,22000.0
1768466101621,89.485,22000.0,89.435,22000.0
1768466102422,89.484,22000.0,89.434,22000.0
1768466102626,89.485,22000.0,89.425,22000.0
1768466103185,89.486,22000.0,89.426,22000.0
1768466103601,89.486,22000.0,89.436,22000.0
1768466104550,89.488,22000.0,89.438,22000.0
1768466105531,89.491,22000.0,89.431,22000.0
1768466106180,89.463,22000.0,89.431,22000.0
1768466106506,89.471,22000.0,89.421,22000.0
1768466106829,89.48,22000.0,89.42,22000.0
1768466107458,89.476,22000.0,89.426,22000.0
1768466107716,89.477,22000.0,89.427,22000.0
1768466108245,89.476,22000.0,89.426,22000.0
1768466108747,89.48,22000.0,89.42,22000.0
1768466108996,89.475,22000.0,89.425,22000.0
1768466109245,89.474,22000.0,89.424,22000.0
1768466110429,89.47,22000.0,89.42,22000.0
1768466110581,89.457,22000.0,89.425,22000.0
1768466110907,89.474,22000.0,89.424,22000.0
1768466111193,89.475,22000.0,89.425,22000.0
1768466111429,89.474,22000.0,89.424,22000.0
1768466112790,89.472,22000.0,89.422,22000.0
1768466113036,89.474,22000.0,89.424,22000.0
1768466114248,89.472,22000.0,89.422,22000.0
1768466114482,89.471,22000.0,89.421,22000.0
1768466114736,89.454,22000.0,89.414,22000.0
1768466114892,89.427,22000.0,89.395,22000.0
1768466117721,89.425,22000.0,89.393,22000.0
1768466119034,89.439,22000.0,89.389,22000.0
1768466120106,89.44,22000.0,89.39,22000.0
1768466120356,89.439,22000.0,89.389,22000.0
1768466121431,89.438,22000.0,89.388,22000.0
1768466121681,89.436,22000.0,89.386,22000.0
1768466121812,89.44,22000.0,89.39,22000.0
1768466121930,89.442,22000.0,89.392,22000.0
1768466122805,89.443,22000.0,89.393,22000.0
1768466123136,89.444,22000.0,89.394,22000.0
1768466123916,89.445,22000.0,89.397,22000.0
1768466124168,89.444,22000.0,89.394,22000.0
1768466124426,89.442,22000.0,89.392,22000.0
1768466124702,89.445,22000.0,89.395,22000.0
1768466124927,89.442,22000.0,89.392,22000.0
1768466125723,89.444,22000.0,89.394,22000.0
1768466126226,89.446,22000.0,89.396,22000.0
1768466126512,89.444,22000.0,89.394,22000.0
1768466126933,89.445,22000.0,89.395,22000.0
1768466127183,89.444,22000.0,89.394,22000.0
1768466128257,89.443,22000.0,89.393,22000.0
1768466128517,89.444,22000.0,89.394,22000.0
1768466129064,89.442,22000.0,89.392,22000.0
1768466129236,89.444,22000.0,89.394,22000.0
1768466129564,89.445,22000.0,89.395,22000.0
1768466129853,89.446,22000.0,89.396,22000.0
1768466129887,89.418,22000.0,89.398,22000.0
1768466130172,89.408,22000.0,89.388,22000.0
1768466130213,89.385,22000.0,89.353,22000.0
1768466130537,89.397,22000.0,89.347,22000.0
1768466130687,89.396,22000.0,89.346,22000.0
1768466131370,89.397,22000.0,89.347,22000.0
1768466131640,89.415,22000.0,89.365,22000.0
1768466132406,89.414,22000.0,89.364,22000.0
1768466132655,89.415,22000.0,89.365,22000.0
1768466133129,89.416,22000.0,89.366,22000.0
1768466133687,89.414,22000.0,89.364,22000.0
1768466133935,89.415,22000.0,89.365,22000.0
1768466134750,89.414,22000.0,89.364,22000.0
1768466135715,89.415,22000.0,89.365,22000.0
1768466136594,89.414,22000.0,89.364,22000.0
1768466137093,89.415,22000.0,89.365,22000.0
1768466137456,89.419,22000.0,89.369,22000.0
1768466137993,89.426,22000.0,89.376,22000.0
1768466138158,89.433,22000.0,89.383,22000.0
1768466139019,89.435,22000.0,89.385,22000.0
1768466139189,89.436,22000.0,89.386,22000.0
1768466140491,89.434,22000.0,89.384,22000.0
1768466141724,89.433,22000.0,89.383,22000.0
1768466141973,89.431,22000.0,89.381,22000.0
1768466143090,89.433,22000.0,89.383,22000.0
1768466143342,89.436,22000.0,89.386,22000.0
1768466145470,89.438,22000.0,89.406,22000.0
1768466145688,89.457,22000.0,89.425,22000.0
1768466146210,89.448,22000.0,89.416,22000.0
1768466146337,89.449,22000.0,89.399,22000.0
1768466149286,89.452,22000.0,89.402,22000.0
1768466149526,89.453,22000.0,89.403,22000.0
1768466150640,89.457,22000.0,89.407,22000.0
1768466151138,89.458,22000.0,89.408,22000.0
1768466151288,89.457,22000.0,89.425,22000.0
1768466156260,89.455,22000.0,89.423,22000.0
1768466157398,89.449,22000.0,89.399,22000.0
1768466157723,89.45,22000.0,89.4,22000.0
1768466158371,89.451,22000.0,89.401,22000.0
1768466159323,89.449,22000.0,89.399,22000.0
1768466159572,89.446,22000.0,89.396,22000.0
1768466160919,89.442,22000.0,89.392,22000.0
1768466161077,89.441,22000.0,89.391,22000.0
1768466163775,89.436,22000.0,89.386,22000.0
1768466164029,89.438,22000.0,89.388,22000.0
1768466164273,89.443,22000.0,89.393,22000.0
1768466164762,89.448,22000.0,89.428,22000.0
1768466165060,89.46,22000.0,89.428,22000.0
1768466165413,89.477,22000.0,89.437,22000.0
1768466165560,89.493,22000.0,89.445,22000.0
1768466165741,89.506,22000.0,89.456,22000.0
1768466166060,89.505,22000.0,89.455,22000.0
1768466166371,89.501,22000.0,89.451,22000.0
1768466166642,89.495,22000.0,89.447,22000.0
1768466166877,89.481,22000.0,89.431,22000.0
1768466168269,89.482,22000.0,89.432,22000.0
1768466168521,89.483,22000.0,89.433,22000.0
1768466168771,89.486,22000.0,89.436,22000.0
1768466169772,89.487,22000.0,89.437,22000.0
1768466170727,89.49,22000.0,89.44,22000.0
1768466171054,89.489,22000.0,89.439,22000.0
1768466172027,89.487,22000.0,89.437,22000.0
1768466172266,89.497,22000.0,89.437,22000.0
1768466172525,89.489,22000.0,89.439,22000.0
1768466172677,89.486,22000.0,89.436,22000.0
1768466173000,89.491,22000.0,89.441,22000.0
1768466173651,89.486,22000.0,89.436,22000.0
1768466173796,89.485,22000.0,89.435,22000.0
1768466176249,89.486,22000.0,89.436,22000.0
1768466176500,89.485,22000.0,89.435,22000.0
1768466181688,89.479,22000.0,89.429,22000.0
1768466181954,89.481,22000.0,89.431,22000.0
1768466182204,89.484,22000.0,89.434,22000.0
1768466182338,89.479,22000.0,89.429,22000.0
1768466183849,89.481,22000.0,89.431,22000.0
1768466184101,89.483,22000.0,89.433,22000.0
1768466184254,89.486,22000.0,89.436,22000.0
1768466186146,89.49,22000.0,89.446,22000.0
1768466186394,89.505,22000.0,89.455,22000.0
1768466186841,89.512,22000.0,89.492,22000.0
1768466186872,89.547,22000.0,89.515,22000.0
1768466187120,89.547,22000.0,89.527,22000.0
1768466187196,89.568,22000.0,89.548,22000.0
1768466187350,89.572,22000.0,89.552,22000.0
1768466187521,89.582,22000.0,89.532,22000.0
1768466187854,89.583,22000.0,89.533,22000.0
1768466188830,89.585,22000.0,89.535,22000.0
1768466189090,89.584,22000.0,89.534,22000.0
1768466189738,89.579,22000.0,89.547,22000.0
1768466189812,89.58,22000.0,89.56,22000.0
1768466190063,89.613,22000.0,89.563,22000.0
1768466190320,89.609,22000.0,89.561,22000.0
1768466190562,89.602,22000.0,89.552,22000.0
1768466190813,89.597,22000.0,89.549,22000.0
1768466191036,89.595,22000.0,89.545,22000.0
1768466191319,89.593,22000.0,89.543,22000.0
1768466191569,89.58,22000.0,89.548,22000.0
1768466191686,89.591,22000.0,89.541,22000.0
1768466195673,89.584,22000.0,89.552,22000.0
1768466197541,89.574,22000.0,89.542,22000.0
1768466198191,89.589,22000.0,89.539,22000.0
1768466198697,89.591,22000.0,89.541,22000.0
1768466198842,89.596,22000.0,89.546,22000.0
1768466202417,89.606,22000.0,89.574,22000.0
1768466202738,89.626,22000.0,89.576,22000.0
1768466203985,89.628,22000.0,89.578,22000.0
1768466204464,89.626,22000.0,89.576,22000.0
1768466205115,89.614,22000.0,89.582,22000.0
1768466207457,89.611,22000.0,89.561,22000.0
1768466211210,89.599,22000.0,89.567,22000.0
1768466211711,89.596,22000.0,89.546,22000.0
1768466216416,89.589,22000.0,89.557,22000.0
1768466217592,89.603,22000.0,89.583,22000.0
1768466217775,89.588,22000.0,89.568,22000.0
1768466218022,89.619,22000.0,89.569,22000.0
1768466218155,89.617,22000.0,89.567,22000.0
1768466218480,89.616,22000.0,89.566,22000.0
1768466219028,89.614,22000.0,89.564,22000.0
1768466219775,89.613,22000.0,89.563,22000.0
1768466220024,89.614,22000.0,89.564,22000.0
1768466220273,89.615,22000.0,89.565,22000.0
1768466220430,89.616,22000.0,89.566,22000.0
1768466220775,89.618,22000.0,89.568,22000.0
1768466221073,89.617,22000.0,89.567,22000.0
1768466221312,89.618,22000.0,89.568,22000.0
1768466221731,89.622,22000.0,89.574,22000.0
1768466222062,89.627,22000.0,89.577,22000.0
1768466222910,89.612,22000.0,89.58,22000.0
1768466223354,89.623,22000.0,89.573,22000.0
1768466223909,89.624,22000.0,89.574,22000.0
1768466224368,89.617,22000.0,89.585,22000.0
1768466224870,89.634,22000.0,89.584,22000.0
1768466226913,89.627,22000.0,89.595,22000.0
1768466226935,89.604,22000.0,89.584,22000.0
1768466226949,89.593,22000.0,89.573,22000.0
1768466227138,89.567,22000.0,89.517,22000.0
1768466227457,89.571,22000.0,89.521,22000.0
1768466227706,89.583,22000.0,89.535,22000.0
1768466227954,89.583,22000.0,89.533,22000.0
1768466228113,89.584,22000.0,89.534,22000.0
1768466228453,89.585,22000.0,89.535,22000.0
1768466228954,89.584,22000.0,89.534,22000.0
1768466229412,89.583,22000.0,89.533,22000.0
1768466231989,89.569,22000.0,89.537,22000.0
1768466232236,89.57,22000.0,89.51,22000.0
1768466232731,89.572,22000.0,89.522,22000.0
1768466233380,89.573,22000.0,89.523,22000.0
1768466234029,89.572,22000.0,89.522,22000.0
1768466235313,89.575,22000.0,89.525,22000.0
1768466235321,89.579,22000.0,89.559,22000.0
1768466235395,89.628,22000.0,89.58,22000.0
1768466235573,89.635,22000.0,89.585,22000.0
1768466235719,89.636,22000.0,89.586,22000.0
1768466236070,89.635,22000.0,89.585,22000.0
1768466236569,89.637,22000.0,89.587,22000.0
1768466237067,89.645,22000.0,89.595,22000.0
1768466237570,89.65,22000.0,89.6,22000.0
1768466237826,89.652,22000.0,89.602,22000.0
1768466238568,89.645,22000.0,89.597,22000.0
1768466238691,89.631,22000.0,89.581,22000.0
1768466239572,89.623,22000.0,89.573,22000.0
1768466240937,89.622,22000.0,89.572,22000.0
1768466241186,89.609,22000.0,89.559,22000.0
1768466241294,89.608,22000.0,89.558,22000.0
1768466242437,89.602,22000.0,89.552,22000.0
1768466242592,89.599,22000.0,89.549,22000.0
1768466243931,89.602,22000.0,89.552,22000.0
1768466245167,89.594,22000.0,89.546,22000.0
1768466245416,89.596,22000.0,89.548,22000.0
1768466245664,89.587,22000.0,89.537,22000.0
1768466247561,89.588,22000.0,89.538,22000.0
1768466247813,89.587,22000.0,89.537,22000.0
1768466248063,89.588,22000.0,89.538,22000.0
1768466248543,89.587,22000.0,89.537,22000.0
1768466248792,89.591,22000.0,89.543,22000.0
1768466249043,89.608,22000.0,89.558,22000.0
1768466249316,89.607,22000.0,89.557,22000.0
1768466249454,89.608,22000.0,89.558,22000.0
1768466250275,89.609,22000.0,89.559,22000.0
1768466250603,89.578,22000.0,89.558,22000.0
1768466250895,89.58,22000.0,89.548,22000.0
1768466250929,89.567,22000.0,89.517,22000.0
1768466251398,89.566,22000.0,89.516,22000.0
1768466252655,89.565,22000.0,89.515,22000.0
1768466252716,89.581,22000.0,89.537,22000.0
1768466252890,89.593,22000.0,89.543,22000.0
1768466253041,89.589,22000.0,89.539,22000.0
1768466253641,89.581,22000.0,89.533,22000.0
1768466253691,89.558,22000.0,89.508,22000.0
1768466254016,89.56,22000.0,89.51,22000.0
1768466255204,89.559,22000.0,89.509,22000.0
1768466255317,89.568,22000.0,89.536,22000.0
1768466255449,89.569,22000.0,89.537,22000.0
1768466255640,89.6,22000.0,89.55,22000.0
1768466255966,89.601,22000.0,89.551,22000.0
1768466257447,89.605,22000.0,89.555,22000.0
1768466257594,89.604,22000.0,89.554,22000.0
1768466258505,89.602,22000.0,89.552,22000.0
1768466258761,89.599,22000.0,89.549,22000.0
1768466258907,89.576,22000.0,89.544,22000.0
1768466259254,89.572,22000.0,89.522,22000.0
1768466265513,89.566,22000.0,89.516,22000.0
1768466266641,89.56,22000.0,89.51,22000.0
1768466267128,89.559,22000.0,89.509,22000.0
1768466267777,89.55,22000.0,89.502,22000.0
1768466268096,89.546,22000.0,89.496,22000.0
1768466268988,89.547,22000.0,89.497,22000.0
1768466269401,89.551,22000.0,89.491,22000.0
1768466270054,89.548,22000.0,89.498,22000.0
1768466270376,89.549,22000.0,89.499,22000.0
1768466272880,89.541,22000.0,89.491,22000.0
1768466277891,89.542,22000.0,89.492,22000.0
1768466278134,89.55,22000.0,89.5,22000.0
1768466278565,89.551,22000.0,89.501,22000.0
1768466279660,89.552,22000.0,89.502,22000.0
1768466279983,89.551,22000.0,89.501,22000.0
1768466280292,89.556,22000.0,89.508,22000.0
1768466280308,89.562,22000.0,89.53,22000.0
1768466281530,89.568,22000.0,89.518,22000.0
1768466281778,89.573,22000.0,89.523,22000.0
1768466282256,89.564,22000.0,89.514,22000.0
1768466282529,89.563,22000.0,89.513,22000.0
1768466282778,89.566,22000.0,89.516,22000.0
1768466282907,89.577,22000.0,89.527,22000.0
1768466283031,89.578,22000.0,89.528,22000.0
1768466285135,89.585,22000.0,89.541,22000.0
1768466285220,89.612,22000.0,89.562,22000.0
1768466285546,89.61,22000.0,89.56,22000.0
1768466285743,89.579,22000.0,89.559,22000.0
1768466285875,89.556,22000.0,89.506,22000.0
1768466286849,89.558,22000.0,89.508,22000.0
1768466287171,89.557,22000.0,89.507,22000.0
1768466287748,89.558,22000.0,89.508,22000.0
1768466287996,89.56,22000.0,89.51,22000.0
1768466288145,89.561,22000.0,89.511,22000.0
1768466288472,89.564,22000.0,89.504,22000.0
1768466289105,89.562,22000.0,89.512,22000.0
1768466290570,89.561,22000.0,89.511,22000.0
1768466290711,89.564,22000.0,89.504,22000.0
1768466291361,89.559,22000.0,89.509,22000.0
1768466291687,89.564,22000.0,89.504,22000.0
1768466292315,89.556,22000.0,89.506,22000.0
1768466292565,89.548,22000.0,89.488,22000.0
1768466292819,89.548,22000.0,89.528,22000.0
1768466292988,89.603,22000.0,89.543,22000.0
1768466293312,89.606,22000.0,89.556,22000.0
1768466293566,89.615,22000.0,89.555,22000.0
1768466293961,89.607,22000.0,89.557,22000.0
1768466294584,89.608,22000.0,89.558,22000.0
1768466298188,89.612,22000.0,89.562,22000.0
1768466298344,89.618,22000.0,89.558,22000.0
1768466298669,89.61,22000.0,89.56,22000.0
1768466298938,89.602,22000.0,89.554,22000.0
1768466299193,89.59,22000.0,89.54,22000.0
1768466303115,89.596,22000.0,89.546,22000.0
1768466303278,89.606,22000.0,89.556,22000.0
1768466303381,89.616,22000.0,89.556,22000.0
1768466303603,89.615,22000.0,89.555,22000.0
1768466308284,89.614,22000.0,89.554,22000.0
1768466308786,89.612,22000.0,89.552,22000.0
1768466309789,89.592,22000.0,89.56,22000.0
1768466310039,89.593,22000.0,89.561,22000.0
1768466310290,89.622,22000.0,89.572,22000.0
1768466310741,89.623,22000.0,89.573,22000.0
1768466312198,89.628,22000.0,89.568,22000.0
1768466312790,89.625,22000.0,89.575,22000.0
1768466313291,89.626,22000.0,89.576,22000.0
1768466314343,89.625,22000.0,89.575,22000.0
1768466314878,89.626,22000.0,89.576,22000.0
1768466314993,89.627,22000.0,89.577,22000.0
1768466316087,89.628,22000.0,89.578,22000.0
1768466316339,89.634,22000.0,89.586,22000.0
1768466316589,89.648,22000.0,89.598,22000.0
1768466316746,89.652,22000.0,89.602,22000.0
1768466317090,89.651,22000.0,89.601,22000.0
1768466317357,89.652,22000.0,89.602,22000.0
1768466317589,89.659,22000.0,89.609,22000.0
1768466317719,89.661,22000.0,89.611,22000.0
1768466317839,89.656,22000.0,89.608,22000.0
1768466318045,89.654,22000.0,89.604,22000.0
1768466318343,89.656,22000.0,89.606,22000.0
1768466318592,89.655,22000.0,89.605,22000.0
1768466318695,89.656,22000.0,89.606,22000.0
1768466319019,89.653,22000.0,89.603,22000.0
1768466319340,89.65,22000.0,89.6,22000.0
1768466319839,89.652,22000.0,89.602,22000.0
1768466319993,89.622,22000.0,89.602,22000.0
1768466320320,89.641,22000.0,89.591,22000.0
1768466321820,89.648,22000.0,89.598,22000.0
1768466322271,89.649,22000.0,89.599,22000.0
1768466326961,89.635,22000.0,89.603,22000.0
1768466328005,89.64,22000.0,89.608,22000.0
1768466333453,89.645,22000.0,89.613,22000.0
1768466336022,89.656,22000.0,89.606,22000.0
1768466339591,89.645,22000.0,89.613,22000.0
1768466345928,89.647,22000.0,89.615,22000.0
1768466346348,89.629,22000.0,89.597,22000.0
1768466347268,89.634,22000.0,89.584,22000.0
1768466348364,89.638,22000.0,89.588,22000.0
1768466348612,89.635,22000.0,89.603,22000.0
1768466348770,89.646,22000.0,89.596,22000.0
1768466353376,89.648,22000.0,89.598,22000.0
1768466353876,89.653,22000.0,89.609,22000.0
1768466354127,89.651,22000.0,89.631,22000.0
1768466354181,89.672,22000.0,89.64,22000.0
1768466355610,89.675,22000.0,89.643,22000.0
1768466356259,89.687,22000.0,89.667,22000.0
1768466356603,89.701,22000.0,89.681,22000.0
1768466356852,89.704,22000.0,89.684,22000.0
1768466356911,89.737,22000.0,89.705,22000.0
1768466357354,89.736,22000.0,89.704,22000.0
1768466357561,89.717,22000.0,89.669,22000.0
1768466357855,89.712,22000.0,89.662,22000.0
1768466358104,89.713,22000.0,89.663,22000.0
1768466359439,89.709,22000.0,89.659,22000.0
1768466359812,89.704,22000.0,89.654,22000.0
1768466360062,89.707,22000.0,89.657,22000.0
1768466360312,89.7,22000.0,89.668,22000.0
1768466360809,89.709,22000.0,89.659,22000.0
1768466361062,89.711,22000.0,89.661,22000.0
1768466361998,89.717,22000.0,89.669,22000.0
1768466362110,89.719,22000.0,89.669,22000.0
1768466362381,89.72,22000.0,89.67,22000.0
1768466363213,89.717,22000.0,89.669,22000.0
1768466363464,89.713,22000.0,89.663,22000.0
1768466363622,89.714,22000.0,89.664,22000.0
1768466366960,89.715,22000.0,89.665,22000.0
1768466367210,89.714,22000.0,89.664,22000.0
1768466367626,89.707,22000.0,89.675,22000.0
1768466368592,89.712,22000.0,89.662,22000.0
1768466368973,89.711,22000.0,89.661,22000.0
1768466379507,89.706,22000.0,89.658,22000.0
1768466379771,89.704,22000.0,89.654,22000.0
1768466379920,89.706,22000.0,89.656,22000.0
1768466381056,89.7,22000.0,89.668,22000.0
1768466386128,89.69,22000.0,89.658,22000.0
1768466386291,89.692,22000.0,89.66,22000.0
1768466387267,89.692,22000.0,89.644,22000.0
1768466387384,89.687,22000.0,89.637,22000.0
1768466387590,89.68,22000.0,89.648,22000.0
1768466388508,89.671,22000.0,89.621,22000.0
1768466391206,89.668,22000.0,89.618,22000.0
1768466391379,89.671,22000.0,89.621,22000.0
1768466391533,89.676,22000.0,89.656,22000.0
1768466391703,89.716,22000.0,89.684,22000.0
1768466392044,89.717,22000.0,89.685,22000.0
1768466398869,89.719,22000.0,89.699,22000.0
1768466398926,89.75,22000.0,89.718,22000.0
1768466399575,89.761,22000.0,89.729,22000.0
1768466399871,89.762,22000.0,89.73,22000.0
1768466400132,89.765,22000.0,89.733,22000.0
1768466400559,89.776,22000.0,89.726,22000.0
1768466400876,89.765,22000.0,89.733,22000.0
1768466401148,89.756,22000.0,89.736,22000.0
1768466401199,89.754,22000.0,89.706,22000.0
1768466401396,89.746,22000.0,89.696,22000.0
1768466401525,89.745,22000.0,89.695,22000.0
1768466401649,89.746,22000.0,89.696,22000.0
1768466401849,89.745,22000.0,89.713,22000.0
1768466402500,89.727,22000.0,89.695,22000.0
1768466402779,89.725,22000.0,89.693,22000.0
1768466403044,89.722,22000.0,89.69,22000.0
1768466404195,89.74,22000.0,89.692,22000.0
1768466404543,89.741,22000.0,89.693,22000.0
1768466404795,89.742,22000.0,89.694,22000.0
1768466405048,89.741,22000.0,89.693,22000.0
1768466405169,89.74,22000.0,89.692,22000.0
1768466405298,89.743,22000.0,89.693,22000.0
1768466405546,89.742,22000.0,89.694,22000.0
1768466405798,89.75,22000.0,89.7,22000.0
1768466406050,89.755,22000.0,89.705,22000.0
1768466406306,89.743,22000.0,89.711,22000.0
1768466406468,89.75,22000.0,89.7,22000.0
1768466406796,89.735,22000.0,89.703,22000.0
1768466407296,89.746,22000.0,89.698,22000.0
1768466407443,89.748,22000.0,89.7,22000.0
1768466407558,89.749,22000.0,89.701,22000.0
1768466408480,89.75,22000.0,89.702,22000.0
1768466408720,89.749,22000.0,89.701,22000.0
1768466409577,89.75,22000.0,89.702,22000.0
1768466409825,89.749,22000.0,89.701,22000.0
1768466410074,89.758,22000.0,89.71,22000.0
1768466410220,89.772,22000.0,89.728,22000.0
1768466410325,89.784,22000.0,89.734,22000.0
1768466410547,89.777,22000.0,89.745,22000.0
1768466415436,89.776,22000.0,89.726,22000.0
1768466415918,89.777,22000.0,89.727,22000.0
1768466416440,89.779,22000.0,89.729,22000.0
1768466417047,89.778,22000.0,89.728,22000.0
1768466417299,89.776,22000.0,89.726,22000.0
1768466417551,89.768,22000.0,89.718,22000.0
1768466417708,89.773,22000.0,89.725,22000.0
1768466418033,89.776,22000.0,89.726,22000.0
1768466418611,89.777,22000.0,89.727,22000.0
1768466420545,89.778,22000.0,89.728,22000.0
1768466420794,89.777,22000.0,89.727,22000.0
1768466421296,89.776,22000.0,89.726,22000.0
1768466421647,89.777,22000.0,89.727,22000.0
1768466422168,89.778,22000.0,89.728,22000.0
1768466422426,89.779,22000.0,89.729,22000.0
1768466422669,89.781,22000.0,89.731,22000.0
1768466422823,89.782,22000.0,89.732,22000.0
1768466422925,89.78,22000.0,89.732,22000.0
1768466423170,89.781,22000.0,89.731,22000.0
1768466423417,89.783,22000.0,89.733,22000.0
1768466423916,89.78,22000.0,89.732,22000.0
1768466424434,89.785,22000.0,89.735,22000.0
1768466424672,89.787,22000.0,89.737,22000.0
1768466426263,89.788,22000.0,89.74,22000.0
1768466426533,89.789,22000.0,89.739,22000.0
1768466427073,89.79,22000.0,89.74,22000.0
1768466427677,89.788,22000.0,89.74,22000.0
1768466427925,89.787,22000.0,89.739,22000.0
1768466428853,89.786,22000.0,89.736,22000.0
1768466433496,89.787,22000.0,89.737,22000.0
1768466434177,89.786,22000.0,89.736,22000.0
1768466435151,89.787,22000.0,89.737,22000.0
1768466437308,89.786,22000.0,89.736,22000.0
1768466439178,89.781,22000.0,89.733,22000.0
1768466439425,89.776,22000.0,89.726,22000.0
1768466440435,89.777,22000.0,89.727,22000.0
1768466441481,89.776,22000.0,89.726,22000.0
1768466441731,89.777,22000.0,89.727,22000.0
1768466442232,89.775,22000.0,89.725,22000.0
1768466442481,89.776,22000.0,89.726,22000.0
1768466442730,89.777,22000.0,89.727,22000.0
1768466442982,89.776,22000.0,89.726,22000.0
1768466443233,89.777,22000.0,89.727,22000.0
1768466443572,89.776,22000.0,89.726,22000.0
1768466443821,89.778,22000.0,89.728,22000.0
1768466444051,89.78,22000.0,89.73,22000.0
1768466444320,89.781,22000.0,89.731,22000.0
1768466444820,89.78,22000.0,89.73,22000.0
1768466445257,89.781,22000.0,89.731,22000.0
1768466445507,89.78,22000.0,89.73,22000.0
1768466446881,89.781,22000.0,89.731,22000.0
1768466447117,89.77,22000.0,89.738,22000.0
1768466447280,89.78,22000.0,89.73,22000.0
1768466447617,89.782,22000.0,89.732,22000.0
1768466448995,89.78,22000.0,89.73,22000.0
1768466449246,89.783,22000.0,89.733,22000.0
1768466449435,89.789,22000.0,89.739,22000.0
1768466452895,89.79,22000.0,89.74,22000.0
1768466453395,89.791,22000.0,89.741,22000.0
1768466453656,89.79,22000.0,89.74,22000.0
1768466456831,89.788,22000.0,89.738,22000.0
1768466456985,89.783,22000.0,89.733,22000.0
1768466460748,89.781,22000.0,89.731,22000.0
1768466460904,89.775,22000.0,89.725,22000.0
1768466463691,89.784,22000.0,89.734,22000.0
1768466465531,89.782,22000.0,89.732,22000.0
1768466467062,89.778,22000.0,89.728,22000.0
1768466467814,89.767,22000.0,89.723,22000.0
1768466467952,89.749,22000.0,89.699,22000.0
1768466468276,89.764,22000.0,89.716,22000.0
1768466468565,89.77,22000.0,89.72,22000.0
1768466468819,89.771,22000.0,89.721,22000.0
1768466471053,89.765,22000.0,89.715,22000.0
1768466474349,89.763,22000.0,89.713,22000.0
1768466474969,89.765,22000.0,89.715,22000.0
1768466475212,89.77,22000.0,89.72,22000.0
1768466475462,89.769,22000.0,89.719,22000.0
1768466475685,89.766,22000.0,89.716,22000.0
1768466476011,89.767,22000.0,89.717,22000.0
1768466476470,89.768,22000.0,89.718,22000.0
1768466476664,89.77,22000.0,89.72,22000.0
1768466476971,89.771,22000.0,89.721,22000.0
1768466477484,89.779,22000.0,89.729,22000.0
1768466481112,89.78,22000.0,89.73,22000.0
1768466481352,89.776,22000.0,89.728,22000.0
1768466481601,89.771,22000.0,89.721,22000.0
1768466481763,89.772,22000.0,89.722,22000.0
1768466482325,89.775,22000.0,89.725,22000.0
1768466482575,89.783,22000.0,89.733,22000.0
1768466484835,89.784,22000.0,89.734,22000.0
1768466485889,89.783,22000.0,89.733,22000.0
1768466489399,89.784,22000.0,89.734,22000.0
1768466489819,89.783,22000.0,89.733,22000.0
1768466490084,89.784,22000.0,89.734,22000.0
1768466490317,89.783,22000.0,89.733,22000.0
1768466492012,89.784,22000.0,89.734,22000.0
1768466492253,89.785,22000.0,89.735,22000.0
