timestamp,ask,ask_size,bid,bid_size
1768465013451,6938.3,20.0,6937.8,20.0
1768465013615,6938.2,20.0,6937.7,20.0
1768465014415,6938.1,20.0,6937.6,20.0
1768465015247,6938.0,20.0,6937.5,20.0
1768465015802,6938.1,20.0,6937.6,20.0
1768465020729,6938.3,20.0,6937.8,20.0
1768465021128,6938.1,20.0,6937.6,20.0
1768465023134,6938.4,20.0,6937.9,20.0
1768465024539,6938.3,20.0,6937.8,20.0
1768465025282,6938.1,20.0,6937.6,20.0
1768465027826,6937.8,20.0,6937.3,20.0
1768465028753,6937.3,20.0,6936.8,20.0
1768465034008,6937.4,20.0,6936.9,20.0
1768465034408,6937.6,20.0,6937.1,20.0
1768465034807,6937.8,20.0,6937.3,20.0
1768465035206,6937.6,20.0,6937.1,20.0
1768465036805,6937.7,20.0,6937.2,20.0
1768465037206,6937.8,20.0,6937.3,20.0
1768465037875,6937.7,20.0,6937.2,20.0
1768465038275,6937.5,20.0,6937.0,20.0
1768465038676,6937.8,20.0,6937.3,20.0
1768465039076,6937.5,20.0,6937.0,20.0
1768465040076,6937.8,20.0,6937.3,20.0
1768465044102,6937.7,20.0,6937.2,20.0
1768465044500,6937.5,20.0,6937.0,20.0
1768465046333,6937.4,20.0,6936.9,20.0
1768465046733,6937.3,20.0,6936.8,20.0
1768465047133,6937.5,20.0,6937.0,20.0
1768465047927,6937.4,20.0,6936.9,20.0
1768465049621,6937.5,20.0,6937.0,20.0
1768465050904,6937.4,20.0,6936.9,20.0
1768465051705,6937.5,20.0,6937.0,20.0
1768465056466,6938.3,20.0,6937.8,20.0
1768465057269,6938.0,20.0,6937.5,20.0
1768465057667,6938.1,20.0,6937.6,20.0
1768465058154,6938.0,20.0,6937.5,20.0
1768465058954,6938.1,20.0,6937.6,20.0
1768465059353,6938.3,20.0,6937.8,20.0
1768465061053,6938.4,20.0,6937.9,20.0
1768465064126,6938.6,20.0,6938.1,20.0
1768465065011,6938.5,20.0,6938.0,20.0
1768465065410,6938.4,20.0,6937.9,20.0
1768465069112,6938.5,20.0,6938.0,20.0
1768465069514,6938.1,20.0,6937.6,20.0
1768465070546,6937.9,20.0,6937.4,20.0
1768465072294,6937.8,20.0,6937.3,20.0
1768465072853,6937.9,20.0,6937.4,20.0
1768465073254,6937.8,20.0,6937.3,20.0
1768465079138,6937.9,20.0,6937.4,20.0
1768465079536,6937.6,20.0,6937.1,20.0
1768465079938,6937.8,20.0,6937.3,20.0
1768465081138,6937.6,20.0,6937.1,20.0
1768465082996,6937.4,20.0,6936.9,20.0
1768465083797,6937.3,20.0,6936.8,20.0
1768465084966,6937.2,20.0,6936.7,20.0
1768465085359,6937.1,20.0,6936.6,20.0
1768465086590,6937.2,20.0,6936.7,20.0
1768465086990,6936.9,20.0,6936.4,20.0
1768465087531,6936.8,20.0,6936.3,20.0
1768465090411,6936.7,20.0,6936.2,20.0
1768465090813,6936.6,20.0,6936.1,20.0
1768465091212,6936.3,20.0,6935.8,20.0
1768465091612,6936.6,20.0,6936.1,20.0
1768465092012,6936.8,20.0,6936.3,20.0
1768465093703,6936.7,20.0,6936.2,20.0
1768465094104,6937.1,20.0,6936.6,20.0
1768465094282,6937.0,20.0,6936.5,20.0
1768465095314,6936.9,20.0,6936.4,20.0
1768465095714,6937.0,20.0,6936.5,20.0
1768465097176,6937.3,20.0,6936.8,20.0
1768465097574,6937.5,20.0,6937.0,20.0
1768465098484,6937.4,20.0,6936.9,20.0
1768465098882,6937.3,20.0,6936.8,20.0
1768465102136,6937.2,20.0,6936.7,20.0
1768465102536,6937.0,20.0,6936.5,20.0
1768465102937,6937.2,20.0,6936.7,20.0
1768465103337,6937.0,20.0,6936.5,20.0
1768465109134,6937.5,20.0,6937.0,20.0
1768465110614,6937.3,20.0,6936.8,20.0
1768465112298,6937.4,20.0,6936.9,20.0
1768465112698,6937.3,20.0,6936.8,20.0
1768465113097,6937.4,20.0,6936.9,20.0
1768465113498,6937.3,20.0,6936.8,20.0
1768465113719,6937.4,20.0,6936.9,20.0
1768465116224,6937.2,20.0,6936.7,20.0
1768465117717,6937.3,20.0,6936.8,20.0
1768465118498,6937.2,20.0,6936.7,20.0
1768465121100,6937.3,20.0,6936.8,20.0
1768465123838,6937.1,20.0,6936.6,20.0
1768465124471,6937.0,20.0,6936.5,20.0
1768465127115,6937.1,20.0,6936.6,20.0
1768465128438,6936.9,20.0,6936.4,20.0
1768465128935,6937.0,20.0,6936.5,20.0
1768465129333,6936.9,20.0,6936.4,20.0
1768465130423,6936.8,20.0,6936.3,20.0
1768465132832,6936.9,20.0,6936.4,20.0
1768465133234,6936.8,20.0,6936.3,20.0
1768465138984,6937.0,20.0,6936.5,20.0
1768465142306,6936.9,20.0,6936.4,20.0
1768465142704,6937.0,20.0,6936.5,20.0
1768465144040,6937.3,20.0,6936.8,20.0
1768465146842,6937.1,20.0,6936.6,20.0
1768465148694,6937.0,20.0,6936.5,20.0
1768465152255,6937.2,20.0,6936.7,20.0
1768465152654,6937.0,20.0,6936.5,20.0
1768465155818,6936.8,20.0,6936.3,20.0
1768465158584,6936.5,20.0,6936.0,20.0
1768465160268,6936.8,20.0,6936.3,20.0
1768465160665,6936.5,20.0,6936.0,20.0
1768465161068,6936.3,20.0,6935.8,20.0
1768465161475,6936.4,20.0,6935.9,20.0
1768465161876,6936.3,20.0,6935.8,20.0
1768465165467,6936.2,20.0,6935.7,20.0
1768465165866,6936.3,20.0,6935.8,20.0
1768465167520,6936.2,20.0,6935.7,20.0
1768465168084,6936.3,20.0,6935.8,20.0
1768465171287,6936.0,20.0,6935.5,20.0
1768465172712,6936.1,20.0,6935.6,20.0
1768465173931,6936.2,20.0,6935.7,20.0
1768465175165,6936.1,20.0,6935.6,20.0
1768465175967,6936.2,20.0,6935.7,20.0
1768465176368,6936.3,20.0,6935.8,20.0
1768465176821,6936.4,20.0,6935.9,20.0
1768465177222,6936.3,20.0,6935.8,20.0
1768465178023,6936.1,20.0,6935.6,20.0
1768465178431,6935.9,20.0,6935.4,20.0
1768465179232,6935.8,20.0,6935.3,20.0
1768465179632,6936.1,20.0,6935.6,20.0
1768465180431,6935.9,20.0,6935.4,20.0
1768465181231,6936.0,20.0,6935.5,20.0
1768465181631,6936.2,20.0,6935.7,20.0
1768465182032,6936.0,20.0,6935.5,20.0
1768465182452,6936.2,20.0,6935.7,20.0
1768465182851,6936.3,20.0,6935.8,20.0
1768465185112,6936.5,20.0,6936.0,20.0
1768465191004,6936.3,20.0,6935.8,20.0
1768465192462,6936.0,20.0,6935.5,20.0
1768465193263,6935.8,20.0,6935.3,20.0
1768465194065,6936.0,20.0,6935.5,20.0
1768465194964,6936.5,20.0,6936.0,20.0
1768465196163,6936.6,20.0,6936.1,20.0
1768465196565,6936.5,20.0,6936.0,20.0
1768465196964,6936.6,20.0,6936.1,20.0
1768465197847,6936.7,20.0,6936.2,20.0
1768465198161,6936.8,20.0,6936.3,20.0
1768465199946,6936.7,20.0,6936.2,20.0
1768465200346,6936.8,20.0,6936.3,20.0
1768465203084,6936.5,20.0,6936.0,20.0
1768465204374,6936.7,20.0,6936.2,20.0
1768465204776,6937.3,20.0,6936.8,20.0
1768465207197,6937.1,20.0,6936.6,20.0
1768465207997,6937.3,20.0,6936.8,20.0
1768465208397,6937.0,20.0,6936.5,20.0
1768465210269,6936.9,20.0,6936.4,20.0
1768465210669,6937.0,20.0,6936.5,20.0
1768465211467,6937.1,20.0,6936.6,20.0
1768465211934,6937.2,20.0,6936.7,20.0
1768465212738,6937.5,20.0,6937.0,20.0
1768465213136,6937.8,20.0,6937.3,20.0
1768465213536,6937.6,20.0,6937.1,20.0
1768465215455,6937.5,20.0,6937.0,20.0
1768465216652,6937.3,20.0,6936.8,20.0
1768465217087,6937.5,20.0,6937.0,20.0
1768465218596,6937.6,20.0,6937.1,20.0
1768465221732,6937.7,20.0,6937.2,20.0
1768465222132,6937.6,20.0,6937.1,20.0
1768465224745,6937.4,20.0,6936.9,20.0
1768465225143,6937.3,20.0,6936.8,20.0
1768465226861,6937.1,20.0,6936.6,20.0
1768465228053,6937.2,20.0,6936.7,20.0
1768465229252,6937.1,20.0,6936.6,20.0
1768465229651,6937.2,20.0,6936.7,20.0
1768465230053,6937.4,20.0,6936.9,20.0
1768465230453,6937.6,20.0,6937.1,20.0
1768465231254,6937.9,20.0,6937.4,20.0
1768465232937,6938.0,20.0,6937.5,20.0
1768465233684,6937.9,20.0,6937.4,20.0
1768465234084,6938.0,20.0,6937.5,20.0
1768465234884,6938.1,20.0,6937.6,20.0
1768465237697,6938.2,20.0,6937.7,20.0
1768465240060,6938.1,20.0,6937.6,20.0
1768465240490,6937.9,20.0,6937.4,20.0
1768465241067,6937.8,20.0,6937.3,20.0
1768465241461,6937.9,20.0,6937.4,20.0
1768465242262,6937.8,20.0,6937.3,20.0
1768465242661,6937.9,20.0,6937.4,20.0
1768465243062,6938.1,20.0,6937.6,20.0
1768465243897,6938.0,20.0,6937.5,20.0
1768465244300,6937.9,20.0,6937.4,20.0
1768465245935,6938.1,20.0,6937.6,20.0
1768465246321,6937.9,20.0,6937.4,20.0
1768465247165,6938.0,20.0,6937.5,20.0
1768465247968,6937.9,20.0,6937.4,20.0
1768465250830,6937.7,20.0,6937.2,20.0
1768465251230,6937.9,20.0,6937.4,20.0
1768465252029,6937.6,20.0,6937.1,20.0
1768465252428,6937.9,20.0,6937.4,20.0
1768465255325,6937.8,20.0,6937.3,20.0
1768465258443,6937.9,20.0,6937.4,20.0
1768465258785,6938.1,20.0,6937.6,20.0
1768465260722,6938.0,20.0,6937.5,20.0
1768465261123,6938.1,20.0,6937.6,20.0
1768465262520,6938.4,20.0,6937.9,20.0
1768465264453,6938.5,20.0,6938.0,20.0
1768465264851,6938.6,20.0,6938.1,20.0
1768465266163,6938.5,20.0,6938.0,20.0
1768465266745,6938.6,20.0,6938.1,20.0
1768465267147,6938.5,20.0,6938.0,20.0
1768465267866,6938.6,20.0,6938.1,20.0
1768465269564,6938.8,20.0,6938.3,20.0
1768465272054,6939.0,20.0,6938.5,20.0
1768465272453,6938.8,20.0,6938.3,20.0
1768465272948,6939.0,20.0,6938.5,20.0
1768465273349,6938.8,20.0,6938.3,20.0
1768465273749,6939.0,20.0,6938.5,20.0
1768465274558,6938.8,20.0,6938.3,20.0
1768465275570,6939.0,20.0,6938.5,20.0
1768465275969,6938.8,20.0,6938.3,20.0
1768465276634,6938.7,20.0,6938.2,20.0
1768465277035,6938.6,20.0,6938.1,20.0
1768465279215,6938.7,20.0,6938.2,20.0
1768465279614,6938.6,20.0,6938.1,20.0
1768465281139,6938.3,20.0,6937.8,20.0
1768465281542,6938.4,20.0,6937.9,20.0
1768465281939,6938.5,20.0,6938.0,20.0
1768465282738,6938.3,20.0,6937.8,20.0
1768465283997,6938.0,20.0,6937.5,20.0
1768465284396,6937.8,20.0,6937.3,20.0
1768465284798,6938.0,20.0,6937.5,20.0
1768465285229,6938.1,20.0,6937.6,20.0
1768465285826,6937.9,20.0,6937.4,20.0
1768465286622,6938.1,20.0,6937.6,20.0
1768465287021,6937.8,20.0,6937.3,20.0
1768465287766,6937.7,20.0,6937.2,20.0
1768465288572,6937.8,20.0,6937.3,20.0
1768465289557,6938.0,20.0,6937.5,20.0
1768465289958,6937.8,20.0,6937.3,20.0
1768465290569,6937.9,20.0,6937.4,20.0
1768465290861,6938.4,20.0,6937.9,20.0
1768465291260,6938.7,20.0,6938.2,20.0
1768465293590,6938.6,20.0,6938.1,20.0
1768465298199,6938.7,20.0,6938.2,20.0
1768465300955,6939.0,20.0,6938.5,20.0
1768465301757,6938.7,20.0,6938.2,20.0
1768465302510,6938.8,20.0,6938.3,20.0
1768465302744,6938.9,20.0,6938.4,20.0
1768465302939,6939.0,20.0,6938.5,20.0
1768465303225,6939.1,20.0,6938.6,20.0
1768465303624,6939.2,20.0,6938.7,20.0
1768465304023,6939.0,20.0,6938.5,20.0
1768465305858,6939.2,20.0,6938.7,20.0
1768465306287,6939.3,20.0,6938.8,20.0
1768465307056,6939.6,20.0,6939.1,20.0
1768465309058,6939.7,20.0,6939.2,20.0
1768465309459,6939.6,20.0,6939.1,20.0
1768465310265,6939.4,20.0,6938.9,20.0
1768465310747,6939.5,20.0,6939.0,20.0
1768465311549,6939.3,20.0,6938.8,20.0
1768465312011,6939.2,20.0,6938.7,20.0
1768465312939,6939.1,20.0,6938.6,20.0
1768465313452,6939.2,20.0,6938.7,20.0
1768465313746,6939.3,20.0,6938.8,20.0
1768465315113,6939.2,20.0,6938.7,20.0
1768465316056,6939.0,20.0,6938.5,20.0
1768465317129,6939.3,20.0,6938.8,20.0
1768465317557,6939.4,20.0,6938.9,20.0
1768465317957,6939.3,20.0,6938.8,20.0
1768465321132,6939.1,20.0,6938.6,20.0
1768465321532,6938.8,20.0,6938.3,20.0
1768465323666,6938.9,20.0,6938.4,20.0
1768465325773,6938.7,20.0,6938.2,20.0
1768465327705,6938.9,20.0,6938.4,20.0
1768465329114,6938.7,20.0,6938.2,20.0
1768465329514,6938.8,20.0,6938.3,20.0
1768465329916,6938.9,20.0,6938.4,20.0
1768465330844,6939.0,20.0,6938.5,20.0
1768465331228,6938.7,20.0,6938.2,20.0
1768465335257,6938.6,20.0,6938.1,20.0
1768465335655,6938.2,20.0,6937.7,20.0
1768465336079,6938.3,20.0,6937.8,20.0
1768465336477,6938.2,20.0,6937.7,20.0
1768465337239,6938.3,20.0,6937.8,20.0
1768465337638,6938.2,20.0,6937.7,20.0
1768465338234,6938.1,20.0,6937.6,20.0
1768465338632,6938.2,20.0,6937.7,20.0
1768465339856,6938.0,20.0,6937.5,20.0
1768465340506,6938.1,20.0,6937.6,20.0
1768465341711,6938.0,20.0,6937.5,20.0
1768465342686,6938.1,20.0,6937.6,20.0
1768465343087,6938.2,20.0,6937.7,20.0
1768465343609,6938.4,20.0,6937.9,20.0
1768465344009,6938.5,20.0,6938.0,20.0
1768465351144,6938.4,20.0,6937.9,20.0
1768465351679,6938.3,20.0,6937.8,20.0
1768465354116,6938.4,20.0,6937.9,20.0
1768465354510,6938.5,20.0,6938.0,20.0
1768465357423,6938.3,20.0,6937.8,20.0
1768465359106,6938.5,20.0,6938.0,20.0
1768465360580,6938.6,20.0,6938.1,20.0
1768465361381,6938.5,20.0,6938.0,20.0
1768465362181,6938.8,20.0,6938.3,20.0
1768465363097,6938.9,20.0,6938.4,20.0
1768465363497,6939.0,20.0,6938.5,20.0
1768465364281,6938.9,20.0,6938.4,20.0
1768465365081,6938.8,20.0,6938.3,20.0
1768465365193,6938.7,20.0,6938.2,20.0
1768465367602,6938.6,20.0,6938.1,20.0
1768465368807,6938.3,20.0,6937.8,20.0
1768465370001,6938.4,20.0,6937.9,20.0
1768465370902,6938.5,20.0,6938.0,20.0
1768465374825,6938.4,20.0,6937.9,20.0
1768465377932,6938.6,20.0,6938.1,20.0
1768465382995,6938.7,20.0,6938.2,20.0
1768465383396,6938.6,20.0,6938.1,20.0
1768465383796,6938.8,20.0,6938.3,20.0
1768465384594,6939.1,20.0,6938.6,20.0
1768465385429,6939.0,20.0,6938.5,20.0
1768465386359,6939.2,20.0,6938.7,20.0
1768465387172,6939.3,20.0,6938.8,20.0
1768465390665,6939.4,20.0,6938.9,20.0
1768465391065,6939.3,20.0,6938.8,20.0
1768465391864,6939.5,20.0,6939.0,20.0
1768465395691,6939.3,20.0,6938.8,20.0
1768465396090,6939.5,20.0,6939.0,20.0
1768465397646,6939.3,20.0,6938.8,20.0
1768465399188,6939.1,20.0,6938.6,20.0
1768465399983,6939.3,20.0,6938.8,20.0
1768465400761,6939.2,20.0,6938.7,20.0
1768465401585,6939.4,20.0,6938.9,20.0
1768465401984,6939.2,20.0,6938.7,20.0
1768465402566,6939.4,20.0,6938.9,20.0
1768465403366,6939.2,20.0,6938.7,20.0
1768465405057,6939.4,20.0,6938.9,20.0
1768465405457,6939.5,20.0,6939.0,20.0
1768465405986,6939.4,20.0,6938.9,20.0
1768465406386,6939.5,20.0,6939.0,20.0
1768465414309,6939.3,20.0,6938.8,20.0
1768465414999,6939.2,20.0,6938.7,20.0
1768465417184,6939.4,20.0,6938.9,20.0
1768465417583,6939.5,20.0,6939.0,20.0
1768465417984,6939.7,20.0,6939.2,20.0
1768465422133,6939.6,20.0,6939.1,20.0
1768465422590,6939.7,20.0,6939.2,20.0
1768465422991,6939.5,20.0,6939.0,20.0
1768465424226,6939.4,20.0,6938.9,20.0
1768465425974,6939.5,20.0,6939.0,20.0
1768465426372,6939.2,20.0,6938.7,20.0
1768465427624,6939.5,20.0,6939.0,20.0
1768465428020,6939.2,20.0,6938.7,20.0
1768465429260,6939.1,20.0,6938.6,20.0
1768465429657,6939.2,20.0,6938.7,20.0
1768465431651,6939.4,20.0,6938.9,20.0
1768465432450,6939.5,20.0,6939.0,20.0
1768465433058,6939.4,20.0,6938.9,20.0
1768465433459,6939.1,20.0,6938.6,20.0
1768465433856,6939.2,20.0,6938.7,20.0
1768465434255,6939.0,20.0,6938.5,20.0
1768465435057,6939.2,20.0,6938.7,20.0
1768465436256,6939.1,20.0,6938.6,20.0
1768465436656,6939.2,20.0,6938.7,20.0
1768465437055,6939.1,20.0,6938.6,20.0
1768465437955,6939.2,20.0,6938.7,20.0
1768465438356,6939.0,20.0,6938.5,20.0
1768465440586,6938.7,20.0,6938.2,20.0
1768465441609,6938.9,20.0,6938.4,20.0
1768465442008,6938.7,20.0,6938.2,20.0
1768465444266,6938.2,20.0,6937.7,20.0
1768465446531,6938.4,20.0,6937.9,20.0
1768465446930,6938.5,20.0,6938.0,20.0
1768465448657,6938.4,20.0,6937.9,20.0
1768465449056,6938.5,20.0,6938.0,20.0
1768465450014,6938.4,20.0,6937.9,20.0
1768465450893,6938.2,20.0,6937.7,20.0
1768465451290,6938.4,20.0,6937.9,20.0
1768465451690,6938.2,20.0,6937.7,20.0
1768465452958,6938.4,20.0,6937.9,20.0
1768465453966,6938.2,20.0,6937.7,20.0
1768465457892,6938.4,20.0,6937.9,20.0
1768465458295,6938.2,20.0,6937.7,20.0
1768465458716,6938.4,20.0,6937.9,20.0
1768465459117,6938.2,20.0,6937.7,20.0
1768465459517,6938.5,20.0,6938.0,20.0
1768465461303,6938.7,20.0,6938.2,20.0
1768465462117,6938.5,20.0,6938.0,20.0
1768465463088,6938.6,20.0,6938.1,20.0
1768465463488,6938.5,20.0,6938.0,20.0
1768465468233,6938.2,20.0,6937.7,20.0
1768465468631,6938.0,20.0,6937.5,20.0
1768465470770,6938.2,20.0,6937.7,20.0
1768465471626,6938.1,20.0,6937.6,20.0
1768465472427,6938.2,20.0,6937.7,20.0
1768465473227,6938.1,20.0,6937.6,20.0
1768465473626,6938.0,20.0,6937.5,20.0
1768465474023,6938.1,20.0,6937.6,20.0
1768465475554,6938.2,20.0,6937.7,20.0
1768465476672,6938.1,20.0,6937.6,20.0
1768465477071,6938.2,20.0,6937.7,20.0
1768465477471,6938.0,20.0,6937.5,20.0
1768465479631,6938.1,20.0,6937.6,20.0
1768465480029,6938.2,20.0,6937.7,20.0
1768465480430,6938.1,20.0,6937.6,20.0
1768465481229,6938.2,20.0,6937.7,20.0
1768465482723,6938.4,20.0,6937.9,20.0
1768465483124,6938.2,20.0,6937.7,20.0
1768465484484,6938.5,20.0,6938.0,20.0
1768465484987,6938.4,20.0,6937.9,20.0
1768465485388,6938.5,20.0,6938.0,20.0
1768465487113,6938.6,20.0,6938.1,20.0
1768465487513,6938.5,20.0,6938.0,20.0
1768465488313,6938.6,20.0,6938.1,20.0
1768465488714,6938.5,20.0,6938.0,20.0
1768465492089,6938.2,20.0,6937.7,20.0
1768465493356,6938.1,20.0,6937.6,20.0
1768465494273,6938.0,20.0,6937.5,20.0
1768465498745,6937.7,20.0,6937.2,20.0
1768465500094,6937.9,20.0,6937.4,20.0
1768465500892,6937.7,20.0,6937.2,20.0
1768465501292,6937.9,20.0,6937.4,20.0
1768465501695,6937.7,20.0,6937.2,20.0
1768465502097,6938.0,20.0,6937.5,20.0
1768465509188,6938.1,20.0,6937.6,20.0
1768465509585,6938.0,20.0,6937.5,20.0
1768465511299,6937.9,20.0,6937.4,20.0
1768465511813,6937.7,20.0,6937.2,20.0
1768465514106,6937.2,20.0,6936.7,20.0
1768465516582,6937.0,20.0,6936.5,20.0
1768465517830,6936.7,20.0,6936.2,20.0
1768465518231,6937.2,20.0,6936.7,20.0
1768465518631,6937.1,20.0,6936.6,20.0
1768465520068,6937.2,20.0,6936.7,20.0
1768465524854,6937.1,20.0,6936.6,20.0
1768465525254,6937.0,20.0,6936.5,20.0
1768465525653,6937.2,20.0,6936.7,20.0
1768465526509,6937.4,20.0,6936.9,20.0
1768465526908,6937.5,20.0,6937.0,20.0
1768465528249,6937.6,20.0,6937.1,20.0
1768465528949,6937.7,20.0,6937.2,20.0
1768465530832,6937.5,20.0,6937.0,20.0
1768465533593,6937.6,20.0,6937.1,20.0
1768465533994,6937.7,20.0,6937.2,20.0
1768465535665,6937.9,20.0,6937.4,20.0
1768465536066,6938.0,20.0,6937.5,20.0
1768465538118,6937.7,20.0,6937.2,20.0
1768465538819,6937.6,20.0,6937.1,20.0
1768465539215,6937.7,20.0,6937.2,20.0
1768465541601,6937.9,20.0,6937.4,20.0
1768465542000,6938.0,20.0,6937.5,20.0
1768465542722,6937.9,20.0,6937.4,20.0
1768465543122,6938.0,20.0,6937.5,20.0
1768465550263,6937.9,20.0,6937.4,20.0
1768465550662,6937.7,20.0,6937.2,20.0
1768465555721,6937.9,20.0,6937.4,20.0
1768465556803,6937.7,20.0,6937.2,20.0
1768465557200,6937.9,20.0,6937.4,20.0
1768465557601,6937.7,20.0,6937.2,20.0
1768465558786,6937.9,20.0,6937.4,20.0
1768465559188,6937.7,20.0,6937.2,20.0
1768465560070,6937.5,20.0,6937.0,20.0
1768465560826,6937.6,20.0,6937.1,20.0
1768465561224,6937.7,20.0,6937.2,20.0
1768465562125,6937.5,20.0,6937.0,20.0
1768465562526,6937.2,20.0,6936.7,20.0
1768465564590,6937.3,20.0,6936.8,20.0
1768465567380,6937.2,20.0,6936.7,20.0
1768465567826,6937.0,20.0,6936.5,20.0
1768465569947,6936.7,20.0,6936.2,20.0
1768465572710,6936.9,20.0,6936.4,20.0
1768465573511,6936.7,20.0,6936.2,20.0
1768465573795,6936.8,20.0,6936.3,20.0
1768465575273,6936.5,20.0,6936.0,20.0
1768465575672,6936.6,20.0,6936.1,20.0
1768465576241,6936.5,20.0,6936.0,20.0
1768465576646,6936.4,20.0,6935.9,20.0
1768465577205,6936.5,20.0,6936.0,20.0
1768465578734,6936.6,20.0,6936.1,20.0
1768465579133,6936.5,20.0,6936.0,20.0
1768465580255,6936.3,20.0,6935.8,20.0
1768465581467,6936.5,20.0,6936.0,20.0
1768465582253,6936.4,20.0,6935.9,20.0
1768465583057,6936.3,20.0,6935.8,20.0
1768465583456,6936.5,20.0,6936.0,20.0
1768465585216,6936.8,20.0,6936.3,20.0
1768465585610,6936.9,20.0,6936.4,20.0
1768465586009,6936.8,20.0,6936.3,20.0
1768465586666,6936.9,20.0,6936.4,20.0
1768465587067,6937.0,20.0,6936.5,20.0
1768465590114,6937.1,20.0,6936.6,20.0
1768465590514,6937.0,20.0,6936.5,20.0
1768465592548,6936.8,20.0,6936.3,20.0
1768465596357,6936.5,20.0,6936.0,20.0
1768465596760,6936.7,20.0,6936.2,20.0
1768465597158,6936.5,20.0,6936.0,20.0
1768465597277,6936.7,20.0,6936.2,20.0
1768465597905,6936.8,20.0,6936.3,20.0
1768465599380,6936.7,20.0,6936.2,20.0
1768465600181,6936.4,20.0,6935.9,20.0
1768465601406,6936.5,20.0,6936.0,20.0
1768465601936,6936.6,20.0,6936.1,20.0
1768465602335,6936.5,20.0,6936.0,20.0
1768465603755,6936.6,20.0,6936.1,20.0
1768465604265,6936.7,20.0,6936.2,20.0
1768465604664,6936.4,20.0,6935.9,20.0
1768465606220,6936.2,20.0,6935.7,20.0
1768465607691,6936.3,20.0,6935.8,20.0
1768465610582,6936.4,20.0,6935.9,20.0
1768465611924,6936.7,20.0,6936.2,20.0
1768465612406,6936.6,20.0,6936.1,20.0
1768465613205,6936.7,20.0,6936.2,20.0
1768465616459,6936.6,20.0,6936.1,20.0
1768465616859,6936.5,20.0,6936.0,20.0
1768465619166,6936.6,20.0,6936.1,20.0
1768465620178,6936.4,20.0,6935.9,20.0
1768465621664,6936.5,20.0,6936.0,20.0
1768465623859,6936.7,20.0,6936.2,20.0
1768465626259,6937.0,20.0,6936.5,20.0
1768465626657,6936.7,20.0,6936.2,20.0
1768465627813,6936.6,20.0,6936.1,20.0
1768465628208,6936.7,20.0,6936.2,20.0
1768465629049,6937.0,20.0,6936.5,20.0
1768465631408,6936.9,20.0,6936.4,20.0
1768465632208,6936.7,20.0,6936.2,20.0
1768465632788,6936.9,20.0,6936.4,20.0
1768465633187,6937.0,20.0,6936.5,20.0
1768465634735,6936.7,20.0,6936.2,20.0
1768465636347,6936.5,20.0,6936.0,20.0
1768465637148,6936.4,20.0,6935.9,20.0
1768465637546,6936.5,20.0,6936.0,20.0
1768465639436,6937.0,20.0,6936.5,20.0
1768465640369,6937.2,20.0,6936.7,20.0
1768465640767,6937.4,20.0,6936.9,20.0
1768465641167,6937.5,20.0,6937.0,20.0
1768465643281,6937.3,20.0,6936.8,20.0
1768465644945,6937.2,20.0,6936.7,20.0
1768465647282,6936.7,20.0,6936.2,20.0
1768465647678,6936.9,20.0,6936.4,20.0
1768465650363,6936.8,20.0,6936.3,20.0
1768465650762,6936.9,20.0,6936.4,20.0
1768465651985,6937.0,20.0,6936.5,20.0
1768465654848,6936.9,20.0,6936.4,20.0
1768465655244,6937.0,20.0,6936.5,20.0
1768465655554,6937.1,20.0,6936.6,20.0
1768465656462,6936.9,20.0,6936.4,20.0
1768465657329,6936.8,20.0,6936.3,20.0
1768465657729,6936.9,20.0,6936.4,20.0
1768465658328,6937.1,20.0,6936.6,20.0
1768465658675,6936.9,20.0,6936.4,20.0
1768465661971,6937.0,20.0,6936.5,20.0
1768465664012,6936.7,20.0,6936.2,20.0
1768465665728,6936.8,20.0,6936.3,20.0
1768465670362,6936.7,20.0,6936.2,20.0
1768465671133,6936.8,20.0,6936.3,20.0
1768465671560,6936.7,20.0,6936.2,20.0
1768465671961,6936.6,20.0,6936.1,20.0
1768465673791,6936.7,20.0,6936.2,20.0
1768465674592,6936.6,20.0,6936.1,20.0
1768465675031,6936.5,20.0,6936.0,20.0
1768465676515,6936.8,20.0,6936.3,20.0
1768465677945,6936.9,20.0,6936.4,20.0
1768465678344,6936.8,20.0,6936.3,20.0
1768465679580,6936.6,20.0,6936.1,20.0
1768465679980,6936.8,20.0,6936.3,20.0
1768465684397,6936.9,20.0,6936.4,20.0
1768465685196,6936.8,20.0,6936.3,20.0
1768465685652,6936.6,20.0,6936.1,20.0
1768465686050,6936.8,20.0,6936.3,20.0
1768465695613,6936.7,20.0,6936.2,20.0
1768465696701,6936.8,20.0,6936.3,20.0
1768465697099,6936.9,20.0,6936.4,20.0
1768465697500,6937.2,20.0,6936.7,20.0
1768465697899,6937.4,20.0,6936.9,20.0
1768465698299,6937.2,20.0,6936.7,20.0
1768465701241,6937.1,20.0,6936.6,20.0
1768465701926,6937.2,20.0,6936.7,20.0
1768465702633,6937.4,20.0,6936.9,20.0
1768465703833,6937.1,20.0,6936.6,20.0
1768465705528,6936.9,20.0,6936.4,20.0
1768465710131,6937.0,20.0,6936.5,20.0
1768465710531,6937.1,20.0,6936.6,20.0
1768465710931,6936.9,20.0,6936.4,20.0
1768465712836,6936.7,20.0,6936.2,20.0
1768465713232,6936.6,20.0,6936.1,20.0
1768465715364,6936.5,20.0,6936.0,20.0
1768465715763,6936.4,20.0,6935.9,20.0
1768465717247,6936.5,20.0,6936.0,20.0
1768465718126,6936.6,20.0,6936.1,20.0
1768465718925,6936.7,20.0,6936.2,20.0
1768465723180,6936.8,20.0,6936.3,20.0
1768465723996,6936.7,20.0,6936.2,20.0
1768465726687,6936.5,20.0,6936.0,20.0
1768465727517,6936.4,20.0,6935.9,20.0
1768465729036,6936.5,20.0,6936.0,20.0
1768465731547,6936.2,20.0,6935.7,20.0
1768465731947,6936.5,20.0,6936.0,20.0
1768465732347,6936.7,20.0,6936.2,20.0
1768465732746,6936.5,20.0,6936.0,20.0
1768465733546,6936.6,20.0,6936.1,20.0
1768465733946,6936.5,20.0,6936.0,20.0
1768465735242,6936.6,20.0,6936.1,20.0
1768465735644,6936.7,20.0,6936.2,20.0
1768465739374,6936.6,20.0,6936.1,20.0
1768465739775,6936.5,20.0,6936.0,20.0
1768465741156,6936.6,20.0,6936.1,20.0
1768465741556,6936.5,20.0,6936.0,20.0
1768465742210,6936.6,20.0,6936.1,20.0
1768465742610,6936.7,20.0,6936.2,20.0
1768465747723,6936.6,20.0,6936.1,20.0
1768465748123,6936.5,20.0,6936.0,20.0
1768465748934,6936.4,20.0,6935.9,20.0
1768465749620,6936.1,20.0,6935.6,20.0
1768465750019,6936.4,20.0,6935.9,20.0
1768465752365,6936.5,20.0,6936.0,20.0
1768465752765,6936.6,20.0,6936.1,20.0
1768465754322,6936.5,20.0,6936.0,20.0
1768465754724,6936.6,20.0,6936.1,20.0
1768465755168,6936.5,20.0,6936.0,20.0
1768465755579,6936.4,20.0,6935.9,20.0
1768465756266,6936.5,20.0,6936.0,20.0
1768465757063,6936.4,20.0,6935.9,20.0
1768465761180,6936.5,20.0,6936.0,20.0
1768465761546,6936.4,20.0,6935.9,20.0
1768465764546,6936.6,20.0,6936.1,20.0
1768465764937,6936.3,20.0,6935.8,20.0
1768465765837,6936.4,20.0,6935.9,20.0
1768465766620,6936.3,20.0,6935.8,20.0
1768465767260,6936.4,20.0,6935.9,20.0
1768465767659,6936.6,20.0,6936.1,20.0
1768465768060,6936.3,20.0,6935.8,20.0
1768465769621,6936.1,20.0,6935.6,20.0
1768465770023,6935.8,20.0,6935.3,20.0
1768465770424,6936.1,20.0,6935.6,20.0
1768465777387,6936.2,20.0,6935.7,20.0
1768465777784,6936.1,20.0,6935.6,20.0
1768465778187,6936.2,20.0,6935.7,20.0
1768465779179,6936.3,20.0,6935.8,20.0
1768465779569,6936.1,20.0,6935.6,20.0
1768465781708,6936.2,20.0,6935.7,20.0
1768465782705,6936.3,20.0,6935.8,20.0
1768465783505,6935.8,20.0,6935.3,20.0
1768465785582,6935.9,20.0,6935.4,20.0
1768465785982,6935.8,20.0,6935.3,20.0
1768465788160,6935.9,20.0,6935.4,20.0
1768465788560,6936.3,20.0,6935.8,20.0
1768465789948,6936.1,20.0,6935.6,20.0
1768465790346,6935.9,20.0,6935.4,20.0
1768465791077,6936.0,20.0,6935.5,20.0
1768465792676,6935.9,20.0,6935.4,20.0
1768465793076,6935.8,20.0,6935.3,20.0
1768465793476,6935.9,20.0,6935.4,20.0
1768465793875,6935.8,20.0,6935.3,20.0
1768465794274,6936.0,20.0,6935.5,20.0
1768465794676,6935.9,20.0,6935.4,20.0
1768465795474,6936.0,20.0,6935.5,20.0
1768465797629,6936.3,20.0,6935.8,20.0
1768465798429,6936.0,20.0,6935.5,20.0
1768465800801,6936.3,20.0,6935.8,20.0
1768465802858,6936.4,20.0,6935.9,20.0
1768465803255,6936.5,20.0,6936.0,20.0
1768465803657,6936.8,20.0,6936.3,20.0
1768465804057,6936.5,20.0,6936.0,20.0
1768465804458,6936.6,20.0,6936.1,20.0
1768465805087,6936.8,20.0,6936.3,20.0
1768465805485,6937.0,20.0,6936.5,20.0
1768465807993,6937.3,20.0,6936.8,20.0
1768465809119,6937.4,20.0,6936.9,20.0
1768465809517,6937.5,20.0,6937.0,20.0
1768465810372,6937.4,20.0,6936.9,20.0
1768465810770,6937.0,20.0,6936.5,20.0
1768465811571,6936.8,20.0,6936.3,20.0
1768465811969,6936.9,20.0,6936.4,20.0
1768465812370,6937.0,20.0,6936.5,20.0
1768465812770,6937.2,20.0,6936.7,20.0
1768465813187,6937.3,20.0,6936.8,20.0
1768465814617,6937.4,20.0,6936.9,20.0
1768465817284,6937.5,20.0,6937.0,20.0
1768465818492,6937.7,20.0,6937.2,20.0
1768465819114,6937.9,20.0,6937.4,20.0
1768465819984,6938.0,20.0,6937.5,20.0
1768465820378,6937.9,20.0,6937.4,20.0
1768465820779,6938.2,20.0,6937.7,20.0
1768465821258,6938.0,20.0,6937.5,20.0
1768465821660,6937.9,20.0,6937.4,20.0
1768465824687,6937.8,20.0,6937.3,20.0
1768465825089,6937.7,20.0,6937.2,20.0
1768465825486,6937.8,20.0,6937.3,20.0
1768465825889,6937.9,20.0,6937.4,20.0
1768465828511,6937.7,20.0,6937.2,20.0
1768465828909,6937.8,20.0,6937.3,20.0
1768465829310,6937.9,20.0,6937.4,20.0
1768465831426,6938.0,20.0,6937.5,20.0
1768465834065,6938.1,20.0,6937.6,20.0
1768465834455,6938.0,20.0,6937.5,20.0
1768465837199,6938.2,20.0,6937.7,20.0
1768465837599,6938.5,20.0,6938.0,20.0
1768465838146,6938.3,20.0,6937.8,20.0
1768465838944,6938.2,20.0,6937.7,20.0
1768465840954,6938.3,20.0,6937.8,20.0
1768465845306,6938.1,20.0,6937.6,20.0
1768465845705,6938.3,20.0,6937.8,20.0
1768465849056,6938.4,20.0,6937.9,20.0
1768465849454,6938.5,20.0,6938.0,20.0
1768465850254,6938.4,20.0,6937.9,20.0
1768465850654,6938.5,20.0,6938.0,20.0
1768465851099,6938.4,20.0,6937.9,20.0
1768465851498,6938.3,20.0,6937.8,20.0
1768465854194,6938.0,20.0,6937.5,20.0
1768465854594,6938.1,20.0,6937.6,20.0
1768465854994,6937.8,20.0,6937.3,20.0
1768465855394,6937.9,20.0,6937.4,20.0
1768465855966,6937.8,20.0,6937.3,20.0
1768465860606,6937.5,20.0,6937.0,20.0
1768465862585,6937.4,20.0,6936.9,20.0
1768465862984,6937.5,20.0,6937.0,20.0
1768465865717,6937.4,20.0,6936.9,20.0
1768465866114,6937.0,20.0,6936.5,20.0
1768465869569,6937.3,20.0,6936.8,20.0
1768465869998,6937.2,20.0,6936.7,20.0
1768465871070,6937.0,20.0,6936.5,20.0
1768465871870,6936.9,20.0,6936.4,20.0
1768465873033,6936.8,20.0,6936.3,20.0
1768465875681,6937.0,20.0,6936.5,20.0
1768465876084,6936.9,20.0,6936.4,20.0
1768465876501,6936.8,20.0,6936.3,20.0
1768465876900,6937.2,20.0,6936.7,20.0
1768465877300,6937.0,20.0,6936.5,20.0
1768465877794,6936.9,20.0,6936.4,20.0
1768465878194,6937.0,20.0,6936.5,20.0
1768465878943,6936.9,20.0,6936.4,20.0
1768465879347,6936.7,20.0,6936.2,20.0
1768465880370,6936.8,20.0,6936.3,20.0
1768465882072,6936.7,20.0,6936.2,20.0
1768465883308,6936.8,20.0,6936.3,20.0
1768465884195,6936.7,20.0,6936.2,20.0
1768465888714,6936.8,20.0,6936.3,20.0
1768465891654,6936.7,20.0,6936.2,20.0
1768465892053,6936.8,20.0,6936.3,20.0
1768465894676,6936.5,20.0,6936.0,20.0
1768465897222,6936.8,20.0,6936.3,20.0
1768465897630,6936.7,20.0,6936.2,20.0
1768465898026,6936.8,20.0,6936.3,20.0
1768465898571,6936.7,20.0,6936.2,20.0
1768465898968,6936.6,20.0,6936.1,20.0
1768465899370,6936.3,20.0,6935.8,20.0
1768465901221,6936.2,20.0,6935.7,20.0
1768465901758,6936.3,20.0,6935.8,20.0
1768465902159,6936.4,20.0,6935.9,20.0
1768465904688,6936.5,20.0,6936.0,20.0
1768465907336,6936.2,20.0,6935.7,20.0
1768465907754,6936.5,20.0,6936.0,20.0
1768465908153,6936.4,20.0,6935.9,20.0
1768465908638,6936.7,20.0,6936.2,20.0
1768465909827,6936.8,20.0,6936.3,20.0
1768465914673,6936.7,20.0,6936.2,20.0
1768465915197,6936.8,20.0,6936.3,20.0
1768465916541,6936.7,20.0,6936.2,20.0
1768465918342,6936.8,20.0,6936.3,20.0
1768465918742,6936.7,20.0,6936.2,20.0
1768465921793,6936.8,20.0,6936.3,20.0
1768465924072,6937.0,20.0,6936.5,20.0
1768465924470,6937.1,20.0,6936.6,20.0
1768465925819,6937.2,20.0,6936.7,20.0
1768465926200,6937.3,20.0,6936.8,20.0
1768465933137,6937.5,20.0,6937.0,20.0
1768465933777,6937.6,20.0,6937.1,20.0
1768465941879,6937.5,20.0,6937.0,20.0
1768465942280,6937.3,20.0,6936.8,20.0
1768465942967,6937.5,20.0,6937.0,20.0
1768465943367,6937.3,20.0,6936.8,20.0
1768465944778,6936.8,20.0,6936.3,20.0
1768465945182,6937.0,20.0,6936.5,20.0
1768465945579,6937.1,20.0,6936.6,20.0
1768465945979,6936.8,20.0,6936.3,20.0
1768465947051,6937.0,20.0,6936.5,20.0
1768465947451,6936.8,20.0,6936.3,20.0
1768465950362,6936.6,20.0,6936.1,20.0
1768465952614,6936.1,20.0,6935.6,20.0
1768465953013,6936.2,20.0,6935.7,20.0
1768465953414,6936.6,20.0,6936.1,20.0
1768465956014,6936.7,20.0,6936.2,20.0
1768465956419,6936.6,20.0,6936.1,20.0
1768465958309,6936.7,20.0,6936.2,20.0
1768465958708,6936.8,20.0,6936.3,20.0
1768465959107,6936.9,20.0,6936.4,20.0
1768465960493,6937.0,20.0,6936.5,20.0
1768465964348,6937.1,20.0,6936.6,20.0
1768465964748,6937.0,20.0,6936.5,20.0
1768465965525,6937.1,20.0,6936.6,20.0
1768465965924,6937.0,20.0,6936.5,20.0
1768465966753,6937.1,20.0,6936.6,20.0
1768465967745,6937.0,20.0,6936.5,20.0
1768465973703,6937.1,20.0,6936.6,20.0
1768465974101,6937.0,20.0,6936.5,20.0
1768465975721,6937.1,20.0,6936.6,20.0
1768465976103,6937.0,20.0,6936.5,20.0
1768465976501,6937.1,20.0,6936.6,20.0
1768465976902,6937.0,20.0,6936.5,20.0
1768465977715,6937.1,20.0,6936.6,20.0
1768465978112,6937.3,20.0,6936.8,20.0
1768465978913,6937.0,20.0,6936.5,20.0
1768465980596,6936.8,20.0,6936.3,20.0
1768465980994,6936.9,20.0,6936.4,20.0
1768465981623,6937.0,20.0,6936.5,20.0
1768465984857,6937.1,20.0,6936.6,20.0
1768465985255,6937.0,20.0,6936.5,20.0
1768465992005,6937.1,20.0,6936.6,20.0
1768465992405,6937.0,20.0,6936.5,20.0
1768465999073,6937.1,20.0,6936.6,20.0
1768465999475,6937.3,20.0,6936.8,20.0
1768466000268,6937.4,20.0,6936.9,20.0
1768466000666,6937.3,20.0,6936.8,20.0
1768466001693,6937.1,20.0,6936.6,20.0
1768466002093,6937.0,20.0,6936.5,20.0
1768466004290,6937.1,20.0,6936.6,20.0
1768466004688,6937.0,20.0,6936.5,20.0
1768466012118,6936.7,20.0,6936.2,20.0
1768466012517,6936.5,20.0,6936.0,20.0
1768466012917,6936.6,20.0,6936.1,20.0
1768466014415,6936.5,20.0,6936.0,20.0
1768466015216,6936.7,20.0,6936.2,20.0
1768466016348,6936.8,20.0,6936.3,20.0
1768466019520,6936.6,20.0,6936.1,20.0
1768466019918,6936.5,20.0,6936.0,20.0
1768466021989,6936.8,20.0,6936.3,20.0
1768466023150,6936.9,20.0,6936.4,20.0
1768466023547,6936.8,20.0,6936.3,20.0
1768466025289,6936.9,20.0,6936.4,20.0
1768466026217,6936.8,20.0,6936.3,20.0
1768466026617,6936.9,20.0,6936.4,20.0
1768466027017,6936.8,20.0,6936.3,20.0
1768466029159,6936.9,20.0,6936.4,20.0
1768466029559,6937.0,20.0,6936.5,20.0
1768466031075,6936.8,20.0,6936.3,20.0
1768466032125,6936.7,20.0,6936.2,20.0
1768466033610,6937.0,20.0,6936.5,20.0
1768466034335,6936.8,20.0,6936.3,20.0
1768466034736,6937.0,20.0,6936.5,20.0
1768466038553,6937.2,20.0,6936.7,20.0
1768466039751,6937.1,20.0,6936.6,20.0
1768466040150,6937.0,20.0,6936.5,20.0
1768466042737,6936.7,20.0,6936.2,20.0
1768466047379,6937.0,20.0,6936.5,20.0
1768466048178,6937.2,20.0,6936.7,20.0
1768466048631,6937.1,20.0,6936.6,20.0
1768466048979,6937.0,20.0,6936.5,20.0
1768466050069,6937.1,20.0,6936.6,20.0
1768466051591,6937.0,20.0,6936.5,20.0
1768466055079,6937.4,20.0,6936.9,20.0
1768466061218,6937.3,20.0,6936.8,20.0
1768466074210,6937.4,20.0,6936.9,20.0
1768466074611,6937.5,20.0,6937.0,20.0
1768466075610,6937.8,20.0,6937.3,20.0
1768466076454,6937.6,20.0,6937.1,20.0
1768466077492,6937.8,20.0,6937.3,20.0
1768466079423,6938.0,20.0,6937.5,20.0
1768466081086,6937.9,20.0,6937.4,20.0
1768466081486,6938.0,20.0,6937.5,20.0
1768466081669,6938.1,20.0,6937.6,20.0
1768466082040,6938.0,20.0,6937.5,20.0
1768466087728,6938.2,20.0,6937.7,20.0
1768466088125,6938.3,20.0,6937.8,20.0
1768466088735,6938.5,20.0,6938.0,20.0
1768466090839,6938.6,20.0,6938.1,20.0
1768466091015,6938.5,20.0,6938.0,20.0
1768466091413,6938.6,20.0,6938.1,20.0
1768466092138,6938.5,20.0,6938.0,20.0
1768466092489,6938.6,20.0,6938.1,20.0
1768466092938,6938.7,20.0,6938.2,20.0
1768466093338,6938.6,20.0,6938.1,20.0
1768466093737,6938.4,20.0,6937.9,20.0
1768466094190,6938.6,20.0,6938.1,20.0
1768466094985,6938.4,20.0,6937.9,20.0
1768466097164,6938.6,20.0,6938.1,20.0
1768466098126,6938.4,20.0,6937.9,20.0
1768466101181,6938.2,20.0,6937.7,20.0
1768466102370,6937.9,20.0,6937.4,20.0
1768466103967,6937.7,20.0,6937.2,20.0
1768466109473,6937.9,20.0,6937.4,20.0
1768466109875,6937.7,20.0,6937.2,20.0
1768466110127,6937.8,20.0,6937.3,20.0
1768466112482,6937.6,20.0,6937.1,20.0
1768466113361,6937.3,20.0,6936.8,20.0
1768466115134,6937.1,20.0,6936.6,20.0
1768466115531,6937.0,20.0,6936.5,20.0
1768466121758,6937.3,20.0,6936.8,20.0
1768466122922,6937.8,20.0,6937.3,20.0
1768466124568,6937.6,20.0,6937.1,20.0
1768466124965,6937.5,20.0,6937.0,20.0
1768466132268,6937.3,20.0,6936.8,20.0
1768466132668,6937.4,20.0,6936.9,20.0
1768466133108,6937.5,20.0,6937.0,20.0
1768466133907,6937.3,20.0,6936.8,20.0
1768466135256,6937.4,20.0,6936.9,20.0
1768466135678,6937.3,20.0,6936.8,20.0
1768466141480,6937.4,20.0,6936.9,20.0
1768466141915,6937.5,20.0,6937.0,20.0
1768466143117,6937.6,20.0,6937.1,20.0
1768466143516,6937.8,20.0,6937.3,20.0
1768466145933,6937.9,20.0,6937.4,20.0
1768466146333,6937.8,20.0,6937.3,20.0
1768466146735,6937.9,20.0,6937.4,20.0
1768466147226,6938.0,20.0,6937.5,20.0
1768466148129,6938.1,20.0,6937.6,20.0
1768466150509,6937.9,20.0,6937.4,20.0
1768466151338,6938.0,20.0,6937.5,20.0
1768466152337,6937.9,20.0,6937.4,20.0
1768466155726,6937.8,20.0,6937.3,20.0
1768466155983,6938.0,20.0,6937.5,20.0
1768466156381,6938.1,20.0,6937.6,20.0
1768466156786,6938.3,20.0,6937.8,20.0
1768466157187,6938.6,20.0,6938.1,20.0
1768466157582,6938.8,20.0,6938.3,20.0
1768466158391,6938.9,20.0,6938.4,20.0
1768466160230,6938.7,20.0,6938.2,20.0
1768466160719,6938.3,20.0,6937.8,20.0
1768466161097,6938.1,20.0,6937.6,20.0
1768466162589,6938.5,20.0,6938.0,20.0
1768466164765,6938.3,20.0,6937.8,20.0
1768466165309,6938.2,20.0,6937.7,20.0
1768466166111,6938.0,20.0,6937.5,20.0
1768466166508,6938.2,20.0,6937.7,20.0
1768466168578,6938.0,20.0,6937.5,20.0
1768466170476,6938.1,20.0,6937.6,20.0
1768466170896,6938.2,20.0,6937.7,20.0
1768466171297,6938.0,20.0,6937.5,20.0
1768466171697,6938.2,20.0,6937.7,20.0
1768466172096,6938.0,20.0,6937.5,20.0
1768466172498,6938.1,20.0,6937.6,20.0
1768466173030,6938.0,20.0,6937.5,20.0
1768466173830,6937.9,20.0,6937.4,20.0
1768466174632,6938.0,20.0,6937.5,20.0
1768466176462,6937.9,20.0,6937.4,20.0
1768466176862,6938.1,20.0,6937.6,20.0
1768466177196,6938.2,20.0,6937.7,20.0
1768466178292,6938.1,20.0,6937.6,20.0
1768466178691,6938.0,20.0,6937.5,20.0
1768466179763,6937.8,20.0,6937.3,20.0
1768466180164,6938.0,20.0,6937.5,20.0
1768466186995,6937.9,20.0,6937.4,20.0
1768466190590,6937.8,20.0,6937.3,20.0
1768466191357,6937.7,20.0,6937.2,20.0
1768466192509,6937.8,20.0,6937.3,20.0
1768466192905,6938.0,20.0,6937.5,20.0
1768466193873,6937.8,20.0,6937.3,20.0
1768466194272,6937.7,20.0,6937.2,20.0
1768466194903,6937.8,20.0,6937.3,20.0
1768466195310,6938.0,20.0,6937.5,20.0
1768466200247,6938.1,20.0,6937.6,20.0
1768466200647,6938.0,20.0,6937.5,20.0
1768466202006,6938.2,20.0,6937.7,20.0
1768466203508,6938.3,20.0,6937.8,20.0
1768466203908,6938.5,20.0,6938.0,20.0
1768466207892,6938.7,20.0,6938.2,20.0
1768466208291,6938.5,20.0,6938.0,20.0
1768466209521,6938.4,20.0,6937.9,20.0
1768466210405,6938.5,20.0,6938.0,20.0
1768466212551,6938.7,20.0,6938.2,20.0
1768466217069,6938.6,20.0,6938.1,20.0
1768466217966,6938.4,20.0,6937.9,20.0
1768466218364,6938.6,20.0,6938.1,20.0
1768466218765,6938.4,20.0,6937.9,20.0
1768466219164,6938.7,20.0,6938.2,20.0
1768466219492,6938.6,20.0,6938.1,20.0
1768466220876,6938.8,20.0,6938.3,20.0
1768466221278,6938.6,20.0,6938.1,20.0
1768466221676,6938.9,20.0,6938.4,20.0
1768466222523,6938.8,20.0,6938.3,20.0
1768466222923,6938.6,20.0,6938.1,20.0
1768466223321,6938.8,20.0,6938.3,20.0
1768466224257,6938.9,20.0,6938.4,20.0
1768466224657,6938.8,20.0,6938.3,20.0
1768466226416,6938.7,20.0,6938.2,20.0
1768466226817,6938.8,20.0,6938.3,20.0
1768466229477,6938.3,20.0,6937.8,20.0
1768466231614,6938.4,20.0,6937.9,20.0
1768466232028,6938.1,20.0,6937.6,20.0
1768466232309,6938.2,20.0,6937.7,20.0
1768466235602,6938.3,20.0,6937.8,20.0
1768466236001,6938.2,20.0,6937.7,20.0
1768466236307,6938.1,20.0,6937.6,20.0
1768466238102,6938.0,20.0,6937.5,20.0
1768466239013,6937.9,20.0,6937.4,20.0
1768466239649,6937.8,20.0,6937.3,20.0
1768466240596,6937.7,20.0,6937.2,20.0
1768466241455,6937.9,20.0,6937.4,20.0
1768466241856,6937.8,20.0,6937.3,20.0
1768466243250,6937.9,20.0,6937.4,20.0
1768466244104,6938.0,20.0,6937.5,20.0
1768466244504,6937.9,20.0,6937.4,20.0
1768466244625,6937.8,20.0,6937.3,20.0
1768466245304,6937.9,20.0,6937.4,20.0
1768466246814,6938.0,20.0,6937.5,20.0
1768466247089,6938.1,20.0,6937.6,20.0
1768466247190,6938.2,20.0,6937.7,20.0
1768466247588,6938.1,20.0,6937.6,20.0
1768466251537,6938.3,20.0,6937.8,20.0
1768466251937,6938.2,20.0,6937.7,20.0
1768466252339,6938.1,20.0,6937.6,20.0
1768466255377,6938.0,20.0,6937.5,20.0
1768466255776,6938.1,20.0,6937.6,20.0
1768466256574,6938.0,20.0,6937.5,20.0
1768466256974,6938.1,20.0,6937.6,20.0
1768466264240,6938.2,20.0,6937.7,20.0
1768466264633,6938.3,20.0,6937.8,20.0
1768466266933,6938.2,20.0,6937.7,20.0
1768466268538,6938.3,20.0,6937.8,20.0
1768466269131,6938.4,20.0,6937.9,20.0
1768466269932,6938.7,20.0,6938.2,20.0
1768466270781,6938.9,20.0,6938.4,20.0
1768466272925,6938.7,20.0,6938.2,20.0
1768466273324,6938.6,20.0,6938.1,20.0
1768466276651,6938.7,20.0,6938.2,20.0
1768466277051,6938.6,20.0,6938.1,20.0
1768466277452,6938.8,20.0,6938.3,20.0
1768466278327,6938.6,20.0,6938.1,20.0
1768466280571,6938.8,20.0,6938.3,20.0
1768466282723,6939.1,20.0,6938.6,20.0
1768466284299,6938.8,20.0,6938.3,20.0
1768466288477,6938.6,20.0,6938.1,20.0
1768466290392,6938.3,20.0,6937.8,20.0
1768466292313,6937.8,20.0,6937.3,20.0
1768466292714,6938.1,20.0,6937.6,20.0
1768466295370,6938.2,20.0,6937.7,20.0
1768466295767,6938.3,20.0,6937.8,20.0
1768466299659,6938.1,20.0,6937.6,20.0
1768466301381,6938.3,20.0,6937.8,20.0
1768466302415,6938.2,20.0,6937.7,20.0
1768466302813,6938.3,20.0,6937.8,20.0
1768466304008,6938.4,20.0,6937.9,20.0
1768466304480,6938.1,20.0,6937.6,20.0
1768466304882,6938.3,20.0,6937.8,20.0
1768466305680,6938.1,20.0,6937.6,20.0
1768466311936,6937.9,20.0,6937.4,20.0
1768466312826,6938.0,20.0,6937.5,20.0
1768466313225,6938.1,20.0,6937.6,20.0
1768466313624,6937.9,20.0,6937.4,20.0
1768466315162,6938.0,20.0,6937.5,20.0
1768466315564,6938.1,20.0,6937.6,20.0
1768466317377,6938.0,20.0,6937.5,20.0
1768466317777,6937.9,20.0,6937.4,20.0
1768466322662,6938.0,20.0,6937.5,20.0
1768466323054,6937.9,20.0,6937.4,20.0
1768466328987,6938.0,20.0,6937.5,20.0
1768466329387,6937.9,20.0,6937.4,20.0
1768466333030,6938.0,20.0,6937.5,20.0
1768466333428,6938.1,20.0,6937.6,20.0
1768466335533,6938.0,20.0,6937.5,20.0
1768466335931,6937.8,20.0,6937.3,20.0
1768466340255,6937.7,20.0,6937.2,20.0
1768466340653,6937.8,20.0,6937.3,20.0
1768466341429,6937.7,20.0,6937.2,20.0
1768466341831,6937.8,20.0,6937.3,20.0
1768466342629,6937.7,20.0,6937.2,20.0
1768466343030,6937.8,20.0,6937.3,20.0
1768466344046,6938.1,20.0,6937.6,20.0
1768466344444,6937.8,20.0,6937.3,20.0
1768466346008,6937.7,20.0,6937.2,20.0
1768466346401,6937.6,20.0,6937.1,20.0
1768466352567,6937.3,20.0,6936.8,20.0
1768466353785,6937.1,20.0,6936.6,20.0
1768466354184,6937.3,20.0,6936.8,20.0
1768466354585,6937.2,20.0,6936.7,20.0
1768466355171,6937.3,20.0,6936.8,20.0
1768466355567,6937.6,20.0,6937.1,20.0
1768466360233,6937.8,20.0,6937.3,20.0
1768466373746,6937.6,20.0,6937.1,20.0
1768466374953,6937.7,20.0,6937.2,20.0
1768466375359,6937.8,20.0,6937.3,20.0
1768466376594,6937.9,20.0,6937.4,20.0
1768466376988,6938.1,20.0,6937.6,20.0
1768466380781,6937.8,20.0,6937.3,20.0
1768466381467,6937.9,20.0,6937.4,20.0
1768466381866,6937.8,20.0,6937.3,20.0
1768466385293,6937.6,20.0,6937.1,20.0
1768466386115,6937.5,20.0,6937.0,20.0
1768466388779,6937.7,20.0,6937.2,20.0
1768466389178,6937.8,20.0,6937.3,20.0
1768466389577,6937.5,20.0,6937.0,20.0
1768466390414,6937.6,20.0,6937.1,20.0
1768466390811,6937.8,20.0,6937.3,20.0
1768466395403,6938.0,20.0,6937.5,20.0
1768466400222,6938.3,20.0,6937.8,20.0
1768466406682,6938.5,20.0,6938.0,20.0
1768466407073,6938.3,20.0,6937.8,20.0
1768466409009,6938.0,20.0,6937.5,20.0
1768466410193,6938.1,20.0,6937.6,20.0
1768466410592,6938.3,20.0,6937.8,20.0
1768466410991,6938.1,20.0,6937.6,20.0
1768466411393,6938.3,20.0,6937.8,20.0
1768466415445,6938.5,20.0,6938.0,20.0
1768466418327,6938.8,20.0,6938.3,20.0
1768466418729,6938.5,20.0,6938.0,20.0
1768466419127,6938.8,20.0,6938.3,20.0
1768466420010,6938.6,20.0,6938.1,20.0
1768466425716,6938.4,20.0,6937.9,20.0
1768466426108,6938.3,20.0,6937.8,20.0
1768466428911,6938.5,20.0,6938.0,20.0
1768466429312,6938.4,20.0,6937.9,20.0
1768466429710,6938.5,20.0,6938.0,20.0
1768466430111,6938.4,20.0,6937.9,20.0
1768466431353,6938.5,20.0,6938.0,20.0
1768466432151,6938.4,20.0,6937.9,20.0
1768466432643,6938.5,20.0,6938.0,20.0
1768466434574,6938.6,20.0,6938.1,20.0
1768466434782,6938.7,20.0,6938.2,20.0
1768466435186,6938.8,20.0,6938.3,20.0
1768466437111,6938.6,20.0,6938.1,20.0
1768466438356,6938.4,20.0,6937.9,20.0
1768466438754,6938.3,20.0,6937.8,20.0
1768466443804,6938.4,20.0,6937.9,20.0
1768466444203,6938.6,20.0,6938.1,20.0
1768466446016,6938.4,20.0,6937.9,20.0
1768466446922,6938.5,20.0,6938.0,20.0
1768466447314,6938.4,20.0,6937.9,20.0
1768466447711,6938.6,20.0,6938.1,20.0
1768466448111,6938.5,20.0,6938.0,20.0
1768466448625,6938.4,20.0,6937.9,20.0
1768466449024,6938.5,20.0,6938.0,20.0
1768466449425,6938.6,20.0,6938.1,20.0
1768466450561,6938.5,20.0,6938.0,20.0
1768466450959,6938.6,20.0,6938.1,20.0
1768466451360,6938.5,20.0,6938.0,20.0
1768466452690,6938.6,20.0,6938.1,20.0
1768466453489,6938.5,20.0,6938.0,20.0
1768466453742,6938.6,20.0,6938.1,20.0
1768466454289,6938.4,20.0,6937.9,20.0
1768466455094,6938.6,20.0,6938.1,20.0
1768466455725,6938.7,20.0,6938.2,20.0
1768466455895,6938.8,20.0,6938.3,20.0
1768466456294,6938.7,20.0,6938.2,20.0
1768466457322,6938.5,20.0,6938.0,20.0
1768466458558,6938.7,20.0,6938.2,20.0
1768466458889,6938.8,20.0,6938.3,20.0
1768466460735,6939.0,20.0,6938.5,20.0
1768466462167,6939.2,20.0,6938.7,20.0
1768466464068,6939.3,20.0,6938.8,20.0
1768466464868,6939.2,20.0,6938.7,20.0
1768466466195,6939.3,20.0,6938.8,20.0
1768466467594,6939.2,20.0,6938.7,20.0
1768466468737,6939.3,20.0,6938.8,20.0
1768466469136,6939.2,20.0,6938.7,20.0
1768466469753,6939.3,20.0,6938.8,20.0
1768466473762,6939.2,20.0,6938.7,20.0
1768466474164,6939.4,20.0,6938.9,20.0
1768466474564,6939.3,20.0,6938.8,20.0
1768466475219,6939.6,20.0,6939.1,20.0
1768466476903,6939.5,20.0,6939.0,20.0
1768466477649,6939.3,20.0,6938.8,20.0
1768466478084,6939.2,20.0,6938.7,20.0
1768466478449,6939.1,20.0,6938.6,20.0
1768466479250,6938.9,20.0,6938.4,20.0
1768466480113,6939.1,20.0,6938.6,20.0
1768466480909,6938.9,20.0,6938.4,20.0
1768466481308,6939.0,20.0,6938.5,20.0
1768466482130,6938.9,20.0,6938.4,20.0
1768466483569,6939.0,20.0,6938.5,20.0
1768466483871,6939.1,20.0,6938.6,20.0
1768466486475,6939.2,20.0,6938.7,20.0
1768466490614,6938.7,20.0,6938.2,20.0
1768466491552,6939.0,20.0,6938.5,20.0
1768466492031,6939.1,20.0,6938.6,20.0
1768466492424,6939.2,20.0,6938.7,20.0
1768466495063,6939.1,20.0,6938.6,20.0
1768466495461,6939.2,20.0,6938.7,20.0
1768466495861,6939.1,20.0,6938.6,20.0
1768466496262,6939.2,20.0,6938.7,20.0
1768466496660,6939.0,20.0,6938.5,20.0
1768466497067,6939.1,20.0,6938.6,20.0
1768466500372,6939.2,20.0,6938.7,20.0
1768466501171,6939.1,20.0,6938.6,20.0
1768466504047,6939.3,20.0,6938.8,20.0
1768466507966,6939.5,20.0,6939.0,20.0
1768466509569,6939.4,20.0,6938.9,20.0
1768466509969,6939.5,20.0,6939.0,20.0
1768466510525,6939.4,20.0,6938.9,20.0
1768466510921,6939.0,20.0,6938.5,20.0
1768466511525,6939.2,20.0,6938.7,20.0
1768466511924,6939.3,20.0,6938.8,20.0
1768466516530,6939.4,20.0,6938.9,20.0
1768466516929,6939.3,20.0,6938.8,20.0
1768466517867,6939.4,20.0,6938.9,20.0
1768466518269,6939.3,20.0,6938.8,20.0
1768466518864,6939.4,20.0,6938.9,20.0
1768466519265,6939.6,20.0,6939.1,20.0
1768466520569,6939.5,20.0,6939.0,20.0
1768466521543,6939.3,20.0,6938.8,20.0
1768466523057,6939.5,20.0,6939.0,20.0
1768466523460,6939.4,20.0,6938.9,20.0
1768466524185,6939.3,20.0,6938.8,20.0
1768466524585,6939.5,20.0,6939.0,20.0
1768466527761,6939.4,20.0,6938.9,20.0
1768466528161,6939.3,20.0,6938.8,20.0
1768466528566,6939.5,20.0,6939.0,20.0
1768466529139,6939.4,20.0,6938.9,20.0
1768466530324,6939.5,20.0,6939.0,20.0
1768466530724,6939.3,20.0,6938.8,20.0
1768466534506,6939.2,20.0,6938.7,20.0
1768466536193,6939.5,20.0,6939.0,20.0
1768466537201,6939.4,20.0,6938.9,20.0
1768466541991,6939.6,20.0,6939.1,20.0
1768466543276,6939.3,20.0,6938.8,20.0
1768466546971,6939.1,20.0,6938.6,20.0
1768466548677,6939.0,20.0,6938.5,20.0
1768466554997,6939.1,20.0,6938.6,20.0
1768466555398,6939.3,20.0,6938.8,20.0
1768466555797,6939.1,20.0,6938.6,20.0
1768466556028,6939.2,20.0,6938.7,20.0
1768466556197,6939.1,20.0,6938.6,20.0
1768466557379,6939.2,20.0,6938.7,20.0
1768466557779,6939.1,20.0,6938.6,20.0
1768466561497,6939.0,20.0,6938.5,20.0
1768466562297,6938.9,20.0,6938.4,20.0
1768466564265,6939.0,20.0,6938.5,20.0
1768466564664,6939.1,20.0,6938.6,20.0
1768466566468,6939.2,20.0,6938.7,20.0
1768466567268,6939.1,20.0,6938.6,20.0
1768466572412,6939.4,20.0,6938.9,20.0
1768466575838,6939.3,20.0,6938.8,20.0
1768466578166,6939.4,20.0,6938.9,20.0
1768466580603,6939.7,20.0,6939.2,20.0
1768466581077,6939.8,20.0,6939.3,20.0
1768466582245,6939.6,20.0,6939.1,20.0
1768466582645,6939.7,20.0,6939.2,20.0
1768466587197,6939.8,20.0,6939.3,20.0
1768466587596,6939.9,20.0,6939.4,20.0
1768466589987,6939.8,20.0,6939.3,20.0
1768466590386,6939.9,20.0,6939.4,20.0
1768466591187,6939.6,20.0,6939.1,20.0
1768466591402,6939.7,20.0,6939.2,20.0
1768466593990,6939.8,20.0,6939.3,20.0
1768466594390,6939.7,20.0,6939.2,20.0
1768466595519,6939.8,20.0,6939.3,20.0
1768466595917,6939.9,20.0,6939.4,20.0
1768466596317,6939.8,20.0,6939.3,20.0
1768466596716,6939.7,20.0,6939.2,20.0
1768466598991,6939.5,20.0,6939.0,20.0
1768466600057,6939.7,20.0,6939.2,20.0
1768466601275,6939.8,20.0,6939.3,20.0
1768466602544,6940.0,20.0,6939.5,20.0
1768466602944,6939.8,20.0,6939.3,20.0
1768466603146,6939.9,20.0,6939.4,20.0
1768466603351,6940.5,20.0,6940.0,20.0
1768466603746,6940.4,20.0,6939.9,20.0
1768466604151,6940.2,20.0,6939.7,20.0
1768466605388,6940.3,20.0,6939.8,20.0
1768466606191,6940.4,20.0,6939.9,20.0
1768466611483,6940.2,20.0,6939.7,20.0
1768466611881,6940.3,20.0,6939.8,20.0
1768466612806,6940.4,20.0,6939.9,20.0
1768466613207,6940.3,20.0,6939.8,20.0
1768466614437,6940.2,20.0,6939.7,20.0
1768466622864,6940.4,20.0,6939.9,20.0
1768466627215,6940.7,20.0,6940.2,20.0
1768466629326,6940.6,20.0,6940.1,20.0
1768466630614,6940.4,20.0,6939.9,20.0
1768466630917,6940.5,20.0,6940.0,20.0
1768466634792,6940.3,20.0,6939.8,20.0
1768466635999,6940.1,20.0,6939.6,20.0
1768466636799,6940.3,20.0,6939.8,20.0
1768466639507,6940.1,20.0,6939.6,20.0
1768466640279,6940.0,20.0,6939.5,20.0
1768466642094,6939.9,20.0,6939.4,20.0
1768466642495,6939.8,20.0,6939.3,20.0
1768466642865,6939.7,20.0,6939.2,20.0
1768466643535,6939.8,20.0,6939.3,20.0
1768466643936,6939.9,20.0,6939.4,20.0
1768466647707,6940.2,20.0,6939.7,20.0
1768466650197,6940.1,20.0,6939.6,20.0
1768466651004,6939.9,20.0,6939.4,20.0
1768466651404,6940.1,20.0,6939.6,20.0
1768466651805,6940.2,20.0,6939.7,20.0
1768466652812,6940.1,20.0,6939.6,20.0
1768466657167,6940.2,20.0,6939.7,20.0
1768466657789,6940.3,20.0,6939.8,20.0
1768466662511,6940.4,20.0,6939.9,20.0
1768466667364,6940.5,20.0,6940.0,20.0
1768466667763,6940.4,20.0,6939.9,20.0
1768466668661,6940.3,20.0,6939.8,20.0
1768466668847,6940.2,20.0,6939.7,20.0
1768466670409,6940.1,20.0,6939.6,20.0
1768466671207,6940.3,20.0,6939.8,20.0
1768466672007,6940.4,20.0,6939.9,20.0
1768466672407,6940.3,20.0,6939.8,20.0
1768466672805,6940.4,20.0,6939.9,20.0
1768466673777,6940.3,20.0,6939.8,20.0
1768466674332,6940.2,20.0,6939.7,20.0
1768466674731,6940.0,20.0,6939.5,20.0
1768466676022,6940.2,20.0,6939.7,20.0
1768466676846,6940.3,20.0,6939.8,20.0
1768466688487,6940.1,20.0,6939.6,20.0
1768466688888,6940.2,20.0,6939.7,20.0
1768466689289,6940.1,20.0,6939.6,20.0
1768466690324,6940.0,20.0,6939.5,20.0
1768466696909,6940.2,20.0,6939.7,20.0
1768466697308,6940.0,20.0,6939.5,20.0
1768466715300,6940.1,20.0,6939.6,20.0
1768466715699,6940.2,20.0,6939.7,20.0
1768466716098,6940.0,20.0,6939.5,20.0
1768466725309,6940.1,20.0,6939.6,20.0
1768466725703,6940.2,20.0,6939.7,20.0
1768466726976,6940.3,20.0,6939.8,20.0
1768466733604,6940.0,20.0,6939.5,20.0
1768466736482,6940.2,20.0,6939.7,20.0
1768466737283,6940.0,20.0,6939.5,20.0
1768466741428,6940.2,20.0,6939.7,20.0
1768466741819,6940.0,20.0,6939.5,20.0
1768466745416,6939.8,20.0,6939.3,20.0
1768466746088,6939.9,20.0,6939.4,20.0
1768466747047,6940.0,20.0,6939.5,20.0
1768466756999,6939.9,20.0,6939.4,20.0
1768466757398,6939.8,20.0,6939.3,20.0
1768466759556,6939.5,20.0,6939.0,20.0
1768466762518,6939.6,20.0,6939.1,20.0
1768466762916,6939.4,20.0,6938.9,20.0
1768466763314,6939.5,20.0,6939.0,20.0
1768466771044,6939.8,20.0,6939.3,20.0
1768466772087,6939.6,20.0,6939.1,20.0
1768466772488,6939.8,20.0,6939.3,20.0
1768466780923,6939.9,20.0,6939.4,20.0
1768466781324,6939.8,20.0,6939.3,20.0
1768466782949,6939.5,20.0,6939.0,20.0
1768466794977,6939.3,20.0,6938.8,20.0
1768466797594,6939.5,20.0,6939.0,20.0
1768466815269,6939.3,20.0,6938.8,20.0
1768466816070,6939.5,20.0,6939.0,20.0
1768466816813,6939.4,20.0,6938.9,20.0
1768466817213,6939.3,20.0,6938.8,20.0
1768466819990,6939.5,20.0,6939.0,20.0
1768466821922,6939.3,20.0,6938.8,20.0
1768466822101,6939.2,20.0,6938.7,20.0
1768466822501,6939.1,20.0,6938.6,20.0
1768466822877,6939.0,20.0,6938.5,20.0
1768466823540,6938.8,20.0,6938.3,20.0
1768466823942,6938.7,20.0,6938.2,20.0
1768466824740,6938.8,20.0,6938.3,20.0
1768466825256,6938.7,20.0,6938.2,20.0
1768466825653,6939.0,20.0,6938.5,20.0
1768466826054,6938.9,20.0,6938.4,20.0
1768466826454,6938.8,20.0,6938.3,20.0
1768466830900,6938.5,20.0,6938.0,20.0
1768466831343,6938.6,20.0,6938.1,20.0
1768466832425,6938.4,20.0,6937.9,20.0
1768466832827,6938.6,20.0,6938.1,20.0
1768466833387,6938.4,20.0,6937.9,20.0
1768466833790,6938.3,20.0,6937.8,20.0
1768466834186,6938.6,20.0,6938.1,20.0
1768466834839,6938.4,20.0,6937.9,20.0
1768466835239,6938.3,20.0,6937.8,20.0
1768466835640,6938.6,20.0,6938.1,20.0
1768466836439,6938.3,20.0,6937.8,20.0
1768466836843,6938.4,20.0,6937.9,20.0
1768466837488,6938.5,20.0,6938.0,20.0
1768466837981,6938.6,20.0,6938.1,20.0
1768466838382,6938.7,20.0,6938.2,20.0
1768466842926,6938.6,20.0,6938.1,20.0
1768466843117,6938.7,20.0,6938.2,20.0
1768466844386,6938.6,20.0,6938.1,20.0
1768466848376,6938.7,20.0,6938.2,20.0
1768466851976,6938.8,20.0,6938.3,20.0
1768466852088,6938.5,20.0,6938.0,20.0
1768466854094,6938.3,20.0,6937.8,20.0
1768466854300,6938.2,20.0,6937.7,20.0
1768466854491,6938.5,20.0,6938.0,20.0
1768466863055,6938.4,20.0,6937.9,20.0
1768466864257,6938.7,20.0,6938.2,20.0
1768466865056,6938.6,20.0,6938.1,20.0
1768466865451,6938.5,20.0,6938.0,20.0
1768466867047,6938.2,20.0,6937.7,20.0
1768466868333,6938.1,20.0,6937.6,20.0
1768466870657,6938.2,20.0,6937.7,20.0
1768466871120,6938.0,20.0,6937.5,20.0
1768466871519,6937.9,20.0,6937.4,20.0
1768466873349,6937.7,20.0,6937.2,20.0
1768466874440,6937.8,20.0,6937.3,20.0
1768466874840,6938.0,20.0,6937.5,20.0
1768466875803,6938.2,20.0,6937.7,20.0
1768466876264,6938.0,20.0,6937.5,20.0
1768466876663,6938.2,20.0,6937.7,20.0
1768466879269,6938.1,20.0,6937.6,20.0
1768466881535,6938.0,20.0,6937.5,20.0
1768466881934,6937.9,20.0,6937.4,20.0
1768466884407,6937.6,20.0,6937.1,20.0
1768466889764,6937.9,20.0,6937.4,20.0
1768466892496,6938.1,20.0,6937.6,20.0
1768466892886,6938.0,20.0,6937.5,20.0
1768466893289,6938.1,20.0,6937.6,20.0
1768466899130,6938.4,20.0,6937.9,20.0
1768466901142,6938.2,20.0,6937.7,20.0
1768466901541,6938.1,20.0,6937.6,20.0
1768466904837,6938.0,20.0,6937.5,20.0
1768466905236,6937.9,20.0,6937.4,20.0
1768466907587,6937.7,20.0,6937.2,20.0
1768466908404,6937.6,20.0,6937.1,20.0
1768466917880,6937.3,20.0,6936.8,20.0
1768466918804,6937.1,20.0,6936.6,20.0
1768466924037,6937.0,20.0,6936.5,20.0
1768466924579,6937.3,20.0,6936.8,20.0
1768466924978,6937.4,20.0,6936.9,20.0
1768466925379,6937.5,20.0,6937.0,20.0
1768466932728,6937.7,20.0,6937.2,20.0
1768466933128,6937.8,20.0,6937.3,20.0
1768466934859,6937.9,20.0,6937.4,20.0
1768466935259,6938.0,20.0,6937.5,20.0
1768466948066,6938.2,20.0,6937.7,20.0
1768466948475,6938.0,20.0,6937.5,20.0
1768466950428,6937.9,20.0,6937.4,20.0
1768466951895,6938.0,20.0,6937.5,20.0
1768466953024,6937.8,20.0,6937.3,20.0
1768466953425,6937.9,20.0,6937.4,20.0
1768466954225,6937.8,20.0,6937.3,20.0
1768466955642,6937.5,20.0,6937.0,20.0
1768466960076,6937.3,20.0,6936.8,20.0
1768466960867,6937.0,20.0,6936.5,20.0
1768466961667,6937.3,20.0,6936.8,20.0
1768466962678,6937.2,20.0,6936.7,20.0
1768466963075,6937.1,20.0,6936.6,20.0
1768466963476,6937.3,20.0,6936.8,20.0
1768466966981,6937.6,20.0,6937.1,20.0
1768466968683,6937.9,20.0,6937.4,20.0
1768466969185,6938.0,20.0,6937.5,20.0
1768466969486,6937.8,20.0,6937.3,20.0
1768466969887,6937.7,20.0,6937.2,20.0
1768466971137,6937.8,20.0,6937.3,20.0
1768466971537,6938.0,20.0,6937.5,20.0
1768466971936,6937.7,20.0,6937.2,20.0
1768466973272,6937.5,20.0,6937.0,20.0
1768466974387,6937.7,20.0,6937.2,20.0
1768466981919,6937.8,20.0,6937.3,20.0
1768466982320,6937.9,20.0,6937.4,20.0
1768466991815,6937.7,20.0,6937.2,20.0
1768466992710,6937.6,20.0,6937.1,20.0
1768466993811,6937.8,20.0,6937.3,20.0
1768466994213,6937.9,20.0,6937.4,20.0
1768466994610,6937.6,20.0,6937.1,20.0
1768466998495,6937.8,20.0,6937.3,20.0
1768467000256,6937.7,20.0,6937.2,20.0
1768467000626,6937.6,20.0,6937.1,20.0
1768467001815,6937.8,20.0,6937.3,20.0
1768467003178,6937.6,20.0,6937.1,20.0
1768467005076,6937.8,20.0,6937.3,20.0
1768467005897,6937.6,20.0,6937.1,20.0
1768467008122,6937.8,20.0,6937.3,20.0
1768467011101,6937.9,20.0,6937.4,20.0
1768467013181,6938.0,20.0,6937.5,20.0
1768467013580,6938.2,20.0,6937.7,20.0
1768467014228,6938.0,20.0,6937.5,20.0
1768467014628,6937.9,20.0,6937.4,20.0
1768467015031,6938.0,20.0,6937.5,20.0
1768467015430,6938.2,20.0,6937.7,20.0
1768467019035,6938.0,20.0,6937.5,20.0
1768467019434,6937.9,20.0,6937.4,20.0
1768467020088,6937.8,20.0,6937.3,20.0
1768467022018,6937.9,20.0,6937.4,20.0
1768467022418,6938.1,20.0,6937.6,20.0
1768467025297,6938.3,20.0,6937.8,20.0
1768467025720,6938.2,20.0,6937.7,20.0
1768467026120,6938.0,20.0,6937.5,20.0
1768467026606,6938.2,20.0,6937.7,20.0
1768467027599,6938.0,20.0,6937.5,20.0
1768467038414,6938.2,20.0,6937.7,20.0
1768467038812,6938.4,20.0,6937.9,20.0
1768467039212,6938.3,20.0,6937.8,20.0
1768467041170,6938.2,20.0,6937.7,20.0
1768467043362,6938.1,20.0,6937.6,20.0
1768467044897,6937.9,20.0,6937.4,20.0
1768467046722,6937.7,20.0,6937.2,20.0
1768467047122,6937.4,20.0,6936.9,20.0
1768467047725,6937.3,20.0,6936.8,20.0
1768467049765,6937.6,20.0,6937.1,20.0
1768467050862,6937.4,20.0,6936.9,20.0
1768467051262,6937.3,20.0,6936.8,20.0
1768467054802,6937.6,20.0,6937.1,20.0
1768467056134,6937.7,20.0,6937.2,20.0
1768467056533,6937.6,20.0,6937.1,20.0
1768467063430,6937.8,20.0,6937.3,20.0
1768467063828,6937.6,20.0,6937.1,20.0
1768467064229,6937.4,20.0,6936.9,20.0
1768467067514,6937.5,20.0,6937.0,20.0
1768467067914,6937.4,20.0,6936.9,20.0
1768467071257,6937.3,20.0,6936.8,20.0
1768467072060,6937.4,20.0,6936.9,20.0
1768467072459,6937.6,20.0,6937.1,20.0
1768467078745,6937.5,20.0,6937.0,20.0
1768467079144,6937.6,20.0,6937.1,20.0
1768467081669,6937.9,20.0,6937.4,20.0
1768467082633,6938.1,20.0,6937.6,20.0
1768467083774,6938.0,20.0,6937.5,20.0
1768467084173,6938.1,20.0,6937.6,20.0
1768467087599,6938.4,20.0,6937.9,20.0
1768467088558,6938.3,20.0,6937.8,20.0
1768467088957,6938.4,20.0,6937.9,20.0
1768467097096,6938.5,20.0,6938.0,20.0
1768467097895,6938.6,20.0,6938.1,20.0
1768467104782,6938.8,20.0,6938.3,20.0
1768467105181,6938.9,20.0,6938.4,20.0
1768467105377,6938.8,20.0,6938.3,20.0
1768467106471,6938.6,20.0,6938.1,20.0
1768467110405,6938.3,20.0,6937.8,20.0
1768467117270,6938.1,20.0,6937.6,20.0
1768467118629,6938.2,20.0,6937.7,20.0
1768467119029,6938.6,20.0,6938.1,20.0
1768467120317,6938.7,20.0,6938.2,20.0
1768467120717,6938.6,20.0,6938.1,20.0
1768467127839,6938.7,20.0,6938.2,20.0
1768467128227,6938.8,20.0,6938.3,20.0
1768467131422,6938.7,20.0,6938.2,20.0
1768467131821,6938.6,20.0,6938.1,20.0
1768467132222,6938.4,20.0,6937.9,20.0
1768467136114,6938.3,20.0,6937.8,20.0
1768467139585,6938.4,20.0,6937.9,20.0
1768467139984,6938.5,20.0,6938.0,20.0
1768467142684,6938.8,20.0,6938.3,20.0
1768467149026,6938.7,20.0,6938.2,20.0
1768467149424,6938.5,20.0,6938.0,20.0
1768467149823,6938.7,20.0,6938.2,20.0
1768467152083,6938.6,20.0,6938.1,20.0
1768467152225,6938.8,20.0,6938.3,20.0
1768467153165,6939.0,20.0,6938.5,20.0
1768467156000,6939.1,20.0,6938.6,20.0
1768467156408,6939.3,20.0,6938.8,20.0
1768467159851,6939.1,20.0,6938.6,20.0
1768467160408,6939.3,20.0,6938.8,20.0
1768467164367,6939.4,20.0,6938.9,20.0
1768467165331,6939.5,20.0,6939.0,20.0
1768467165730,6939.6,20.0,6939.1,20.0
1768467166595,6939.5,20.0,6939.0,20.0
1768467166995,6939.6,20.0,6939.1,20.0
1768467167396,6939.4,20.0,6938.9,20.0
1768467167794,6939.5,20.0,6939.0,20.0
1768467169059,6939.4,20.0,6938.9,20.0
1768467169458,6939.6,20.0,6939.1,20.0
1768467171481,6939.5,20.0,6939.0,20.0
1768467171984,6939.6,20.0,6939.1,20.0
1768467174439,6939.7,20.0,6939.2,20.0
1768467174841,6939.9,20.0,6939.4,20.0
1768467175999,6939.8,20.0,6939.3,20.0
1768467177831,6940.0,20.0,6939.5,20.0
1768467178233,6939.8,20.0,6939.3,20.0
1768467179776,6939.7,20.0,6939.2,20.0
1768467180820,6939.6,20.0,6939.1,20.0
1768467181219,6939.7,20.0,6939.2,20.0
1768467181619,6939.6,20.0,6939.1,20.0
1768467185501,6939.3,20.0,6938.8,20.0
1768467188547,6939.5,20.0,6939.0,20.0
1768467188945,6939.6,20.0,6939.1,20.0
1768467189785,6939.3,20.0,6938.8,20.0
1768467190190,6939.2,20.0,6938.7,20.0
1768467190587,6939.1,20.0,6938.6,20.0
1768467191387,6939.2,20.0,6938.7,20.0
1768467192642,6939.3,20.0,6938.8,20.0
1768467193043,6939.1,20.0,6938.6,20.0
1768467197543,6938.8,20.0,6938.3,20.0
1768467198513,6938.9,20.0,6938.4,20.0
1768467200821,6938.8,20.0,6938.3,20.0
1768467201225,6938.6,20.0,6938.1,20.0
1768467202308,6938.9,20.0,6938.4,20.0
1768467204913,6939.0,20.0,6938.5,20.0
1768467205579,6938.9,20.0,6938.4,20.0
1768467216957,6938.6,20.0,6938.1,20.0
1768467218506,6938.4,20.0,6937.9,20.0
1768467218904,6938.6,20.0,6938.1,20.0
1768467219305,6938.4,20.0,6937.9,20.0
1768467220385,6938.5,20.0,6938.0,20.0
1768467222196,6938.7,20.0,6938.2,20.0
1768467223414,6938.6,20.0,6938.1,20.0
1768467224216,6938.5,20.0,6938.0,20.0
1768467225713,6938.6,20.0,6938.1,20.0
1768467226110,6938.7,20.0,6938.2,20.0
1768467226765,6938.6,20.0,6938.1,20.0
1768467227165,6938.5,20.0,6938.0,20.0
1768467228490,6938.6,20.0,6938.1,20.0
1768467229999,6938.7,20.0,6938.2,20.0
1768467233727,6938.6,20.0,6938.1,20.0
1768467234129,6938.7,20.0,6938.2,20.0
1768467238093,6938.6,20.0,6938.1,20.0
1768467238484,6938.7,20.0,6938.2,20.0
1768467240356,6938.6,20.0,6938.1,20.0
1768467240755,6938.7,20.0,6938.2,20.0
1768467241154,6938.8,20.0,6938.3,20.0
1768467241556,6938.7,20.0,6938.2,20.0
1768467241957,6938.8,20.0,6938.3,20.0
1768467244581,6939.0,20.0,6938.5,20.0
1768467245416,6938.8,20.0,6938.3,20.0
1768467245691,6938.7,20.0,6938.2,20.0
1768467254689,6938.6,20.0,6938.1,20.0
1768467255088,6938.5,20.0,6938.0,20.0
1768467260808,6938.6,20.0,6938.1,20.0
1768467261207,6938.7,20.0,6938.2,20.0
1768467261918,6938.6,20.0,6938.1,20.0
1768467263993,6938.2,20.0,6937.7,20.0
1768467265626,6938.5,20.0,6938.0,20.0
1768467266995,6938.7,20.0,6938.2,20.0
1768467268279,6938.6,20.0,6938.1,20.0
1768467269077,6938.7,20.0,6938.2,20.0
1768467271333,6938.6,20.0,6938.1,20.0
1768467271732,6938.5,20.0,6938.0,20.0
1768467273572,6938.6,20.0,6938.1,20.0
1768467273972,6938.7,20.0,6938.2,20.0
1768467274666,6938.6,20.0,6938.1,20.0
1768467276204,6938.7,20.0,6938.2,20.0
1768467276603,6938.6,20.0,6938.1,20.0
1768467277389,6938.7,20.0,6938.2,20.0
1768467278172,6938.6,20.0,6938.1,20.0
1768467279554,6938.7,20.0,6938.2,20.0
1768467281037,6938.9,20.0,6938.4,20.0
1768467287946,6938.6,20.0,6938.1,20.0
1768467288345,6938.9,20.0,6938.4,20.0
1768467290848,6938.8,20.0,6938.3,20.0
1768467297398,6939.1,20.0,6938.6,20.0
1768467298536,6939.2,20.0,6938.7,20.0
1768467298936,6939.1,20.0,6938.6,20.0
1768467299656,6939.2,20.0,6938.7,20.0
1768467300455,6939.1,20.0,6938.6,20.0
1768467303954,6939.2,20.0,6938.7,20.0
1768467304361,6939.3,20.0,6938.8,20.0
1768467308096,6939.2,20.0,6938.7,20.0
1768467308495,6939.3,20.0,6938.8,20.0
1768467308895,6939.2,20.0,6938.7,20.0
1768467309295,6939.3,20.0,6938.8,20.0
1768467309696,6939.0,20.0,6938.5,20.0
1768467315209,6939.3,20.0,6938.8,20.0
1768467324699,6939.1,20.0,6938.6,20.0
1768467325095,6939.0,20.0,6938.5,20.0
1768467325894,6938.9,20.0,6938.4,20.0
1768467326294,6938.8,20.0,6938.3,20.0
1768467326695,6938.9,20.0,6938.4,20.0
1768467328046,6939.0,20.0,6938.5,20.0
1768467330888,6939.1,20.0,6938.6,20.0
1768467331694,6939.0,20.0,6938.5,20.0
1768467333299,6938.9,20.0,6938.4,20.0
1768467334095,6938.8,20.0,6938.3,20.0
1768467334496,6938.9,20.0,6938.4,20.0
1768467334895,6939.0,20.0,6938.5,20.0
1768467335805,6939.1,20.0,6938.6,20.0
1768467336206,6939.0,20.0,6938.5,20.0
1768467336605,6939.4,20.0,6938.9,20.0
1768467337005,6939.3,20.0,6938.8,20.0
1768467348758,6939.4,20.0,6938.9,20.0
1768467349160,6939.3,20.0,6938.8,20.0
1768467352208,6939.4,20.0,6938.9,20.0
1768467352607,6939.5,20.0,6939.0,20.0
1768467353858,6939.6,20.0,6939.1,20.0
1768467358083,6939.3,20.0,6938.8,20.0
1768467358484,6939.4,20.0,6938.9,20.0
1768467358879,6939.3,20.0,6938.8,20.0
1768467359439,6939.4,20.0,6938.9,20.0
1768467365374,6939.5,20.0,6939.0,20.0
1768467365779,6939.4,20.0,6938.9,20.0
1768467369768,6939.5,20.0,6939.0,20.0
1768467370168,6939.6,20.0,6939.1,20.0
1768467373613,6939.5,20.0,6939.0,20.0
1768467374011,6939.4,20.0,6938.9,20.0
1768467375750,6939.5,20.0,6939.0,20.0
1768467377518,6939.6,20.0,6939.1,20.0
1768467378317,6939.7,20.0,6939.2,20.0
1768467378717,6939.8,20.0,6939.3,20.0
1768467379517,6939.7,20.0,6939.2,20.0
1768467379917,6939.8,20.0,6939.3,20.0
1768467380317,6939.7,20.0,6939.2,20.0
1768467380717,6939.6,20.0,6939.1,20.0
1768467385041,6939.7,20.0,6939.2,20.0
1768467385440,6939.6,20.0,6939.1,20.0
1768467387195,6939.7,20.0,6939.2,20.0
1768467387596,6939.9,20.0,6939.4,20.0
1768467389628,6940.1,20.0,6939.6,20.0
1768467391403,6940.2,20.0,6939.7,20.0
1768467391804,6940.1,20.0,6939.6,20.0
1768467396953,6940.2,20.0,6939.7,20.0
1768467401788,6940.3,20.0,6939.8,20.0
1768467402181,6940.4,20.0,6939.9,20.0
1768467405281,6940.5,20.0,6940.0,20.0
1768467407346,6940.6,20.0,6940.1,20.0
1768467418587,6941.1,20.0,6940.6,20.0
1768467419522,6941.0,20.0,6940.5,20.0
1768467420680,6940.7,20.0,6940.2,20.0
1768467421611,6940.8,20.0,6940.3,20.0
1768467427099,6940.7,20.0,6940.2,20.0
1768467429410,6940.6,20.0,6940.1,20.0
1768467445137,6940.5,20.0,6940.0,20.0
1768467453598,6940.7,20.0,6940.2,20.0
1768467453989,6940.5,20.0,6940.0,20.0
1768467454386,6940.7,20.0,6940.2,20.0
1768467456154,6940.6,20.0,6940.1,20.0
1768467460150,6940.7,20.0,6940.2,20.0
1768467460550,6940.6,20.0,6940.1,20.0
1768467462245,6940.8,20.0,6940.3,20.0
1768467467895,6940.7,20.0,6940.2,20.0
1768467468695,6940.8,20.0,6940.3,20.0
1768467471006,6940.9,20.0,6940.4,20.0
