trade_id,price,quantity,quote_quantity,timestamp,is_buyer_maker,is_best_match
28813,91207.89000000,0.00007000,6.38455230,1768262502649918,False,True
28814,91279.06000000,0.00026000,23.73255560,1768263268430485,False,True
28815,91250.92000000,0.00015000,13.68763800,1768263310568985,False,True
28816,91336.40000000,0.00055000,50.23502000,1768263788686006,False,True
28817,91339.69000000,0.00007000,6.39377830,1768263788686006,False,True
28818,91207.89000000,0.00007000,6.38455230,1768264940157481,True,True
28819,91271.10000000,0.00011000,10.03982100,1768265196247978,False,True
28820,91445.07000000,0.00014000,12.80230980,1768265943731284,False,True
28821,91382.26000000,0.00222000,202.86861720,1768266952890660,False,True
28822,91323.73000000,0.00210000,191.77983300,1768267480398684,False,True
28823,91102.43000000,0.00010000,9.11024300,1768268185379200,False,True
28824,91076.27000000,0.00031000,28.23364370,1768268257228492,True,True
28825,91076.27000000,0.00007000,6.37533890,1768268257228492,True,True
28826,91115.13000000,0.00048000,43.73526240,1768269534676466,False,True
28827,91158.88000000,0.00064000,58.34168320,1768269721660972,False,True
28828,91207.89000000,0.00007000,6.38455230,1768269855432717,False,True
28829,91207.89000000,0.00096000,87.55957440,1768270261539463,True,True
28830,91207.89000000,0.00238000,217.07477820,1768270767124472,True,True
28831,91219.44000000,0.00027000,24.62924880,1768271342976414,False,True
28832,91141.62000000,0.00072000,65.62196640,1768271839725744,True,True
28833,91121.54000000,0.01592000,1450.65491680,1768272005773282,False,True
28834,91121.54000000,0.00021000,19.13552340,1768272093124704,False,True
28835,91076.27000000,0.00007000,6.37533890,1768272249431877,True,True
28836,91098.05000000,0.00053000,48.28196650,1768272780967017,False,True
28837,91144.15000000,0.00032000,29.16612800,1768273142256502,False,True
28838,91040.20000000,0.00011000,10.01442200,1768273183370094,True,True
28839,91064.70000000,0.00503000,458.05544100,1768273834288958,False,True
28840,91064.70000000,0.00500000,455.32350000,1768273834534257,False,True
28841,91064.70000000,0.00499000,454.41285300,1768273834623991,False,True
28842,91207.89000000,0.00007000,6.38455230,1768274481430343,False,True
28843,91351.12000000,0.00111000,101.39974320,1768274849386584,False,True
28844,91321.00000000,0.00010000,9.13210000,1768276698004922,False,True
28845,91349.49000000,0.00055000,50.24221950,1768277116290730,False,True
28846,91368.02000000,0.00677000,618.56149540,1768277116290730,False,True
28847,91406.64000000,0.00362000,330.89203680,1768277116290730,False,True
28848,91338.05000000,0.00076000,69.41691800,1768277266838097,False,True
28849,91361.63000000,0.00011000,10.04977930,1768277858523356,True,True
28850,91402.60000000,0.00011000,10.05428600,1768277967413203,True,True
28851,91471.69000000,0.00007000,6.40301830,1768278128114676,False,True
28852,91503.60000000,0.00011000,10.06539600,1768278155292312,True,True
28853,91460.64000000,0.00011000,10.06067040,1768278223485526,True,True
28854,91437.28000000,0.00010000,9.14372800,1768278242736748,True,True
28855,91437.28000000,0.00001000,0.91437280,1768278243086682,True,True
28856,91403.52000000,0.00011000,10.05438720,1768278260385227,True,True
28857,91398.53000000,0.00026000,23.76361780,1768278275847036,False,True
28858,91339.69000000,0.00007000,6.39377830,1768278475025974,True,True
28859,91337.65000000,0.00011000,10.04714150,1768278475025974,True,True
28860,91328.70000000,0.00011000,10.04615700,1768278726214904,True,True
28861,91471.68000000,0.00032000,29.27093760,1768280461334655,False,True
28862,91603.87000000,0.00007000,6.41227090,1768281203950643,False,True
28863,91868.82000000,0.00007000,6.43081740,1768281530432433,False,True
28864,92000.00000000,0.00010000,9.20000000,1768281630724150,False,True
28865,92026.34000000,0.00057000,52.45501380,1768282205302760,False,True
28866,91836.20000000,0.00011000,10.10198200,1768282430508610,True,True
28867,91800.00000000,0.00500000,459.00000000,1768282531572453,True,True
28868,91800.00000000,0.00498000,457.16400000,1768282531601562,True,True
28869,91800.00000000,0.00504000,462.67200000,1768282531627747,True,True
28870,91800.00000000,0.00500000,459.00000000,1768282531659346,True,True
28871,91800.00000000,0.00498000,457.16400000,1768282531691722,True,True
28872,91800.00000000,0.00500000,459.00000000,1768282531720069,True,True
28873,91800.00000000,0.00497000,456.24600000,1768282531744879,True,True
28874,91800.00000000,0.00495000,454.41000000,1768282531768946,True,True
28875,91800.00000000,0.00501000,459.91800000,1768282531793685,True,True
28876,91800.00000000,0.00495000,454.41000000,1768282531818757,True,True
28877,91800.00000000,0.00503000,461.75400000,1768282531847443,True,True
28878,91800.00000000,0.00496000,455.32800000,1768282531879022,True,True
28879,91800.00000000,0.00333000,305.69400000,1768282531907710,True,True
28880,91817.54000000,0.00011000,10.09992940,1768282807683826,True,True
28881,91993.57000000,0.00011000,10.11929270,1768283442949062,True,True
28882,91965.51000000,0.00011000,10.11620610,1768284205068904,True,True
28883,91982.77000000,0.00631000,580.41127870,1768284245376101,False,True
28884,91865.12000000,0.00011000,10.10516320,1768284345595224,True,True
28885,91894.85000000,0.00505000,464.06899250,1768285249594221,False,True
28886,91870.74000000,0.00108000,99.22039920,1768285351032103,False,True
28887,91922.40000000,0.00011000,10.11146400,1768285768714637,True,True
28888,91875.34000000,0.00011000,10.10628740,1768285774937783,True,True
28889,91899.19000000,0.00011000,10.10891090,1768285896052828,True,True
28890,91890.07000000,0.00010000,9.18900700,1768286165903939,False,True
28891,92059.27000000,0.00262000,241.19528740,1768286510942633,False,True
28892,92023.21000000,0.00010000,9.20232100,1768286622682108,True,True
28893,92016.21000000,0.00011000,10.12178310,1768286622682108,True,True
28894,91903.22000000,0.00010000,9.19032200,1768286736575806,False,True
28895,91972.53000000,0.00010000,9.19725300,1768286823257279,True,True
28896,91948.43000000,0.00010000,9.19484300,1768287048339726,False,True
28897,92061.07000000,0.00496000,456.62290720,1768287175000515,False,True
28898,92076.86000000,0.00054000,49.72150440,1768287175000515,False,True
28899,92085.27000000,0.00678000,624.33813060,1768287175000515,False,True
28900,92134.21000000,0.00036000,33.16831560,1768287396222775,False,True
28901,92134.53000000,0.00007000,6.44941710,1768287462867076,False,True
28902,92159.96000000,0.00010000,9.21599600,1768287554125468,True,True
28903,92040.08000000,0.00010000,9.20400800,1768287781888538,False,True
28904,92069.08000000,0.00010000,9.20690800,1768287824225176,True,True
28905,92001.58000000,0.00007000,6.44011060,1768288099673180,True,True
28906,91988.58000000,0.00010000,9.19885800,1768288132335502,False,True
28907,92003.61000000,0.00010000,9.20036100,1768288169725747,True,True
28908,91990.72000000,0.00010000,9.19907200,1768288220316215,False,True
28909,91995.31000000,0.00010000,9.19953100,1768288337417416,True,True
28910,91868.82000000,0.00007000,6.43081740,1768288849223518,True,True
28911,91846.50000000,0.00011000,10.10311500,1768288975882622,True,True
28912,91838.05000000,0.00099000,90.91966950,1768288975882622,True,True
28913,91853.45000000,0.00010000,9.18534500,1768288977422560,False,True
28914,91868.82000000,0.00532000,488.74212240,1768288983928283,False,True
28915,91949.17000000,0.00010000,9.19491700,1768289496975014,True,True
28916,91898.21000000,0.00109000,100.16904890,1768290146785724,False,True
28917,91873.73000000,0.00071000,65.23034830,1768290247209877,False,True
28918,91839.07000000,0.00112000,102.85975840,1768290317631564,True,True
28919,91872.71000000,0.00112000,102.89743520,1768290338171571,False,True
28920,91819.55000000,0.00011000,10.10015050,1768290420315614,True,True
28921,91819.55000000,0.00101000,92.73774550,1768290420315614,True,True
28922,91839.76000000,0.00053000,48.67507280,1768290678982551,False,True
28923,91839.76000000,0.00112000,102.86053120,1768290712508452,False,True
28924,91838.88000000,0.00010000,9.18388800,1768291091118217,False,True
28925,91878.58000000,0.00124000,113.92943920,1768291609330908,False,True
28926,91930.99000000,0.00010000,9.19309900,1768291788963303,True,True
28927,91930.65000000,0.00011000,10.11237150,1768291788963303,True,True
28928,91876.12000000,0.00010000,9.18761200,1768292130807886,False,True
28929,91975.23000000,0.00010000,9.19752300,1768292827223240,True,True
28930,91963.32000000,0.00011000,10.11596520,1768292827223240,True,True
28931,91874.35000000,0.00010000,9.18743500,1768293251060442,False,True
28932,92000.00000000,0.00010000,9.20000000,1768293406550384,False,True
28933,92095.75000000,0.00015000,13.81436250,1768293481652107,False,True
28934,92134.52000000,0.00010000,9.21345200,1768294511563901,True,True
28935,92080.57000000,0.00010000,9.20805700,1768294825682026,False,True
28936,92108.36000000,0.00026000,23.94817360,1768294825682026,False,True
28937,92134.53000000,0.00007000,6.44941710,1768294937084298,False,True
28938,92158.00000000,0.00095000,87.55010000,1768294991903446,False,True
28939,92158.00000000,0.00433000,399.04414000,1768294991914463,False,True
28940,92158.00000000,0.00005000,4.60790000,1768294995705205,False,True
28941,92267.67000000,0.00007000,6.45873690,1768295009992039,False,True
28942,92299.93000000,0.00011000,10.15299230,1768295011972909,True,True
28943,92299.93000000,0.00010000,9.22999300,1768295011972909,True,True
28944,92250.77000000,0.00011000,10.14758470,1768295017556144,True,True
28945,92215.84000000,0.00010000,9.22158400,1768295051074728,False,True
28946,92307.14000000,0.00010000,9.23071400,1768295185513255,True,True
28947,92306.24000000,0.00011000,10.15368640,1768295185513255,True,True
28948,92263.28000000,0.00011000,10.14896080,1768295200818404,True,True
28949,92255.68000000,0.00010000,9.22556800,1768295243423017,False,True
28950,92328.12000000,0.00175000,161.57421000,1768295246038951,False,True
28951,92330.63000000,0.00009000,8.30975670,1768295246038951,False,True
28952,92270.38000000,0.00010000,9.22703800,1768295295320972,True,True
28953,92276.84000000,0.00010000,9.22768400,1768295455983645,False,True
28954,92302.65000000,0.00010000,9.23026500,1768295478837075,True,True
28955,92282.49000000,0.00010000,9.22824900,1768295554609376,False,True
28956,92376.92000000,0.00010000,9.23769200,1768295750717496,True,True
28957,92308.43000000,0.00010000,9.23084300,1768295782847024,False,True
28958,92331.26000000,0.00010000,9.23312600,1768295835053266,True,True
28959,92291.35000000,0.00010000,9.22913500,1768295982792512,False,True
28960,92399.00000000,0.00095000,87.77905000,1768296074142379,False,True
28961,92399.00000000,0.00405000,374.21595000,1768296074145409,False,True
28962,92401.01000000,0.00008000,7.39208080,1768296074273545,False,True
28963,92534.54000000,0.00008000,7.40276320,1768296083510474,False,True
28964,92545.02000000,0.00021000,19.43445420,1768296083510474,False,True
28965,92503.78000000,0.00010000,9.25037800,1768296087071471,True,True
28966,92503.20000000,0.00010000,9.25032000,1768296107243723,False,True
28967,92552.47000000,0.00011000,10.18077170,1768296118227053,True,True
28968,92552.42000000,0.00010000,9.25524200,1768296118227053,True,True
28969,92550.02000000,0.00010000,9.25500200,1768296129774284,False,True
28970,92566.52000000,0.00011000,10.18231720,1768296148836157,True,True
28971,92566.52000000,0.00010000,9.25665200,1768296148836157,True,True
28972,92511.26000000,0.00011000,10.17623860,1768296163444778,True,True
28973,92468.69000000,0.00011000,10.17155590,1768296167673823,True,True
28974,92405.42000000,0.00011000,10.16459620,1768296183246934,True,True
28975,92386.52000000,0.00010000,9.23865200,1768296267632491,False,True
28976,92432.56000000,0.00010000,9.24325600,1768296308037473,True,True
28977,92405.39000000,0.00010000,9.24053900,1768296322030123,False,True
28978,92431.14000000,0.00034000,31.42658760,1768296322030123,False,True
28979,92458.01000000,0.00010000,9.24580100,1768296645038680,True,True
28980,92447.34000000,0.00010000,9.24473400,1768296782450904,False,True
28981,92468.09000000,0.00010000,9.24680900,1768296856341350,True,True
28982,92314.32000000,0.00011000,10.15457520,1768296982636544,True,True
28983,92297.86000000,0.00011000,10.15276460,1768296985874422,True,True
28984,92264.54000000,0.00011000,10.14909940,1768297222967186,True,True
28985,92214.34000000,0.00011000,10.14357740,1768297238156785,True,True
28986,92153.72000000,0.00021000,19.35228120,1768297260639161,False,True
28987,92134.53000000,0.00007000,6.44941710,1768297273598251,True,True
28988,92052.82000000,0.00011000,10.12581020,1768297316981563,True,True
28989,92052.59000000,0.00010000,9.20525900,1768297325120592,False,True
28990,92092.68000000,0.00011000,10.13019480,1768297330936512,True,True
28991,92092.68000000,0.00010000,9.20926800,1768297330936512,True,True
28992,92051.52000000,0.00011000,10.12566720,1768297335861562,True,True
28993,92013.47000000,0.00011000,10.12148170,1768297339684945,True,True
28994,92001.58000000,0.00007000,6.44011060,1768297344328836,True,True
28995,91985.09000000,0.00011000,10.11835990,1768297344328836,True,True
28996,91952.24000000,0.00011000,10.11474640,1768297358698028,True,True
28997,91922.29000000,0.00011000,10.11145190,1768297368133586,True,True
28998,91895.33000000,0.00010000,9.18953300,1768297390072365,False,True
28999,92028.57000000,0.00010000,9.20285700,1768297441755292,True,True
29000,92024.27000000,0.00011000,10.12266970,1768297441755292,True,True
29001,92009.31000000,0.00011000,10.12102410,1768297443133301,True,True
29002,91953.23000000,0.00007000,6.43672610,1768297443133301,True,True
29003,92022.22000000,0.00010000,9.20222200,1768297495589736,False,True
29004,92072.00000000,0.00011000,10.12792000,1768297504924167,True,True
29005,92072.00000000,0.00010000,9.20720000,1768297504924167,True,True
29006,92074.72000000,0.00010000,9.20747200,1768297625675980,False,True
29007,92114.67000000,0.00011000,10.13261370,1768297639625143,True,True
29008,92114.67000000,0.00010000,9.21146700,1768297639625143,True,True
29009,92111.45000000,0.00010000,9.21114500,1768297755182593,False,True
29010,92134.53000000,0.00007000,6.44941710,1768297755182593,False,True
29011,92214.66000000,0.00010000,9.22146600,1768298033676522,True,True
29012,92185.16000000,0.00011000,10.14036760,1768298054026513,True,True
29013,92158.20000000,0.00011000,10.13740200,1768298127412154,True,True
29014,92116.74000000,0.00011000,10.13284140,1768298133041031,True,True
29015,92115.50000000,0.00010000,9.21155000,1768298204914218,False,True
29016,92205.33000000,0.00011000,10.14258630,1768298474077386,True,True
29017,92205.33000000,0.00010000,9.22053300,1768298474077386,True,True
29018,92142.39000000,0.00010000,9.21423900,1768298542459849,False,True
29019,92186.07000000,0.00010000,9.21860700,1768298772047427,True,True
29020,92179.43000000,0.00010000,9.21794300,1768298827725049,False,True
29021,92237.62000000,0.00010000,9.22376200,1768299002343751,True,True
29022,92236.79000000,0.00011000,10.14604690,1768299002343751,True,True
29023,92236.76000000,0.00010000,9.22367600,1768299024595936,False,True
29024,92260.60000000,0.00045000,41.51727000,1768299024595936,False,True
29025,92217.57000000,0.00010000,9.22175700,1768299214992090,True,True
29026,92212.06000000,0.00209000,192.72320540,1768299236032240,False,True
29027,92078.75000000,0.00010000,9.20787500,1768299487891924,False,True
29028,92170.71000000,0.00104000,95.85753840,1768299859451668,False,True
29029,92156.13000000,0.00010000,9.21561300,1768299906308094,True,True
29030,92128.31000000,0.00986000,908.38513660,1768299906308094,True,True
29031,92156.14000000,0.00993000,915.11047020,1768299939928352,False,True
29032,92156.14000000,0.00001000,0.92156140,1768299939928352,False,True
29033,92107.99000000,0.00011000,10.13187890,1768299999197836,True,True
29034,92105.30000000,0.00982000,904.47404600,1768299999197836,True,True
29035,92129.76000000,0.00053000,48.82877280,1768300010640401,False,True
29036,92129.76000000,0.00497000,457.88490720,1768300078482148,False,True
29037,92129.76000000,0.00503000,463.41269280,1768300078517114,False,True
29038,92129.76000000,0.00499000,459.72750240,1768300078545218,False,True
29039,92129.76000000,0.00498000,458.80620480,1768300078572929,False,True
29040,92129.76000000,0.00496000,456.96360960,1768300078600068,False,True
29041,92129.76000000,0.00504000,464.33399040,1768300078627836,False,True
29042,92129.76000000,0.00495000,456.04231200,1768300078652870,False,True
29043,92129.76000000,0.00504000,464.33399040,1768300078678742,False,True
29044,92129.76000000,0.00495000,456.04231200,1768300078706200,False,True
29045,92129.76000000,0.00503000,463.41269280,1768300078733463,False,True
29046,92129.76000000,0.00503000,463.41269280,1768300078760532,False,True
29047,92129.76000000,0.00076000,70.01861760,1768300128052459,False,True
29048,92129.76000000,0.00095000,87.52327200,1768300201946396,False,True
29049,92129.76000000,0.00433000,398.92186080,1768300201949504,False,True
29050,92129.76000000,0.00099000,91.20846240,1768300201952299,False,True
29051,92200.48000000,0.00313000,288.58750240,1768300343794299,False,True
29052,92197.55000000,0.00010000,9.21975500,1768300725046971,True,True
29053,92162.47000000,0.00011000,10.13787170,1768300866379656,True,True
29054,92119.90000000,0.00011000,10.13318900,1768300866525600,True,True
29055,92087.84000000,0.00011000,10.12966240,1768300892322146,True,True
29056,92064.25000000,0.00016000,14.73028000,1768300945863215,False,True
29057,92040.97000000,0.00011000,10.12450670,1768300992050299,True,True
29058,92040.97000000,0.00010000,9.20409700,1768300992050299,True,True
29059,92001.58000000,0.00007000,6.44011060,1768300992050299,True,True
29060,91978.00000000,0.00011000,10.11758000,1768301121432291,True,True
29061,91967.45000000,0.00013000,11.95576850,1768301266175960,False,True
29062,91994.25000000,0.00010000,9.19942500,1768301345273844,True,True
29063,91975.54000000,0.00010000,9.19755400,1768301427213603,False,True
29064,91991.58000000,0.00156000,143.50686480,1768301427213603,False,True
29065,92040.45000000,0.00110000,101.24449500,1768301735078594,False,True
29066,92063.12000000,0.00350000,322.22092000,1768301782421558,False,True
29067,92065.50000000,0.00192000,176.76576000,1768301782421558,False,True
29068,92073.81000000,0.00501000,461.28978810,1768301830387757,False,True
29069,92087.79000000,0.00054000,49.72740660,1768301830387757,False,True
29070,92113.66000000,0.00437000,402.53669420,1768301830387757,False,True
29071,92053.43000000,0.00010000,9.20534300,1768302103656354,True,True
29072,92033.90000000,0.00011000,10.12372900,1768302103680667,True,True
29073,91992.92000000,0.00010000,9.19929200,1768302400923367,False,True
29074,92176.25000000,0.00221000,203.70951250,1768302850902299,False,True
29075,92163.02000000,0.00335000,308.74611700,1768302959955511,False,True
29076,92158.12000000,0.00010000,9.21581200,1768302959978657,True,True
29077,92086.70000000,0.00010000,9.20867000,1768303444323899,False,True
29078,92131.90000000,0.00010000,9.21319000,1768303853216980,True,True
29079,92035.89000000,0.00010000,9.20358900,1768304177554918,False,True
29080,92088.81000000,0.00105000,96.69325050,1768304306318309,False,True
29081,92061.99000000,0.00010000,9.20619900,1768304349537193,True,True
29082,92008.32000000,0.00010000,9.20083200,1768304695580757,False,True
29083,92029.40000000,0.00054000,49.69587600,1768304695580757,False,True
29084,92033.75000000,0.00462000,425.19592500,1768304695580757,False,True
29085,92016.74000000,0.00021000,19.32351540,1768304779155932,False,True
29086,91986.08000000,0.00010000,9.19860800,1768304896453611,True,True
29087,91968.67000000,0.00043000,39.54652810,1768304909201267,True,True
29088,91945.24000000,0.00010000,9.19452400,1768305114536652,False,True
29089,91971.54000000,0.00043000,39.54776220,1768305114536652,False,True
29090,91972.38000000,0.00134000,123.24298920,1768305114536652,False,True
29091,91972.70000000,0.00010000,9.19727000,1768305447725588,True,True
29092,91963.19000000,0.00490000,450.61963100,1768305534968891,False,True
29093,91963.19000000,0.00010000,9.19631900,1768305534968891,False,True
29094,91971.65000000,0.00054000,49.66469100,1768305534968891,False,True
29095,91989.03000000,0.00403000,370.71579090,1768305534968891,False,True
29096,91960.41000000,0.00015000,13.79406150,1768305610485696,False,True
29097,91960.41000000,0.00052000,47.81941320,1768305636165647,False,True
29098,91947.29000000,0.00010000,9.19472900,1768305809223832,True,True
29099,91868.82000000,0.00007000,6.43081740,1768306078975553,True,True
29100,91857.58000000,0.00010000,9.18575800,1768306107949916,False,True
29101,91946.75000000,0.00054000,49.65124500,1768306293624833,False,True
29102,91952.62000000,0.00112000,102.98693440,1768306293624833,False,True
29103,91907.84000000,0.00010000,9.19078400,1768306463274533,True,True
29104,91885.24000000,0.00010000,9.18852400,1768306592824195,False,True
29105,91938.24000000,0.00103000,94.69638720,1768306712720108,True,True
29106,92050.54000000,0.00103000,94.81205620,1768307053928823,False,True
29107,92052.23000000,0.00180000,165.69401400,1768307053928823,False,True
29108,92041.16000000,0.00054000,49.70222640,1768307100247438,False,True
29109,92018.31000000,0.00010000,9.20183100,1768307200609404,True,True
29110,92015.39000000,0.00010000,9.20153900,1768307500879507,False,True
29111,92078.80000000,0.00063000,58.00964400,1768307584905155,False,True
29112,92050.00000000,0.00010000,9.20500000,1768307658636353,True,True
29113,92031.81000000,0.00010000,9.20318100,1768308111793945,False,True
29114,92066.71000000,0.00006000,5.52400260,1768308111793945,False,True
29115,92093.58000000,0.00032000,29.46994560,1768308249998692,False,True
29116,92070.44000000,0.00501000,461.27290440,1768308579797070,False,True
29117,92070.44000000,0.00115000,105.88100600,1768308579797070,False,True
29118,92084.15000000,0.00015000,13.81262250,1768308579797070,False,True
29119,92040.61000000,0.00010000,9.20406100,1768308794325421,True,True
29120,92014.60000000,0.00015000,13.80219000,1768309063117542,False,True
29121,91969.80000000,0.00500000,459.84900000,1768309351721343,False,True
29122,91969.80000000,0.00010000,9.19698000,1768309351721343,False,True
29123,91995.04000000,0.00497000,457.21534880,1768309351721343,False,True
29124,92004.82000000,0.00054000,49.68260280,1768309351721343,False,True
29125,92019.32000000,0.00503000,462.85717960,1768309351721343,False,True
29126,92047.38000000,0.00497000,457.47547860,1768309351721343,False,True
29127,92103.38000000,0.00195000,179.60159100,1768309351721343,False,True
29128,92105.87000000,0.00756000,696.32037720,1768309351721343,False,True
29129,92134.53000000,0.00007000,6.44941710,1768309351721343,False,True
29130,92320.87000000,0.00493000,455.14188910,1768309351721343,False,True
29131,92320.88000000,0.03410000,3148.14200800,1768309351721343,False,True
29132,91968.69000000,0.00499000,458.92376310,1768309638028198,False,True
29133,91992.84000000,0.00327000,300.81658680,1768309638028198,False,True
29134,91992.56000000,0.00010000,9.19925600,1768309863369026,True,True
29135,91950.42000000,0.00010000,9.19504200,1768310478061602,False,True
29136,91957.46000000,0.00011000,10.11532060,1768310478061602,False,True
29137,91957.46000000,0.00010000,9.19574600,1768310678564373,True,True
29138,91945.80000000,0.00016000,14.71132800,1768310688166339,False,True
29139,91945.80000000,0.00010000,9.19458000,1768310710969735,False,True
29140,91974.92000000,0.00011000,10.11724120,1768310710969735,False,True
29141,92028.72000000,0.00015000,13.80430800,1768310787576813,True,True
29142,92028.72000000,0.00010000,9.20287200,1768310787576813,True,True
29143,92012.67000000,0.00010000,9.20126700,1768310976960012,False,True
29144,92180.50000000,0.00195000,179.75197500,1768311003024081,False,True
29145,92201.98000000,0.00054000,49.78906920,1768311003024081,False,True
29146,92214.08000000,0.00054000,49.79560320,1768311003225112,False,True
29147,92179.09000000,0.00195000,179.74922550,1768311003335720,False,True
29148,92265.80000000,0.00054000,49.82353200,1768311003335720,False,True
29149,92298.38000000,0.00054000,49.84112520,1768311003491647,False,True
29150,92371.32000000,0.00054000,49.88051280,1768311006830676,False,True
29151,92409.69000000,0.00010000,9.24096900,1768311009143153,True,True
29152,92346.96000000,0.00010000,9.23469600,1768311018774918,False,True
29153,92478.10000000,0.00010000,9.24781000,1768311025352087,True,True
29154,92318.88000000,0.00493000,455.13207840,1768311031874577,True,True
29155,92183.35000000,0.00010000,9.21833500,1768311043007537,False,True
29156,92183.53000000,0.00010000,9.21835300,1768311050283431,True,True
29157,92170.95000000,0.00011000,10.13880450,1768311050283431,True,True
29158,92236.82000000,0.00010000,9.22368200,1768311063332607,False,True
29159,92243.54000000,0.00010000,9.22435400,1768311070822638,True,True
29160,92126.64000000,0.00010000,9.21266400,1768311092316439,False,True
29161,92239.14000000,0.00010000,9.22391400,1768311102075450,True,True
29162,92238.49000000,0.00010000,9.22384900,1768311104082854,False,True
29163,92300.12000000,0.00054000,49.84206480,1768311122716311,False,True
29164,92357.89000000,0.00010000,9.23578900,1768311128706081,True,True
29165,92338.20000000,0.00010000,9.23382000,1768311130005843,False,True
29166,92445.04000000,0.00010000,9.24450400,1768311202906298,True,True
29167,92327.62000000,0.00011000,10.15603820,1768311234031581,True,True
29168,92117.07000000,0.00107000,98.56526490,1768311234683183,True,True
29169,92127.80000000,0.00010000,9.21278000,1768311239592038,False,True
29170,92168.84000000,0.00010000,9.21688400,1768311270804382,True,True
29171,92150.41000000,0.00010000,9.21504100,1768311294524690,False,True
29172,92222.17000000,0.00183000,168.76657110,1768311308490777,False,True
29173,92212.89000000,0.00010000,9.22128900,1768311327687656,True,True
29174,92224.01000000,0.00054000,49.80096540,1768311334393223,False,True
29175,92224.01000000,0.00010000,9.22240100,1768311334393223,False,True
29176,92357.31000000,0.00054000,49.87294740,1768311399936727,False,True
29177,92386.27000000,0.00010000,9.23862700,1768311418114796,True,True
29178,92065.16000000,0.00010000,9.20651600,1768311571834290,False,True
29179,92091.81000000,0.00010000,9.20918100,1768311596546348,True,True
29180,92015.49000000,0.00010000,9.20154900,1768311691153361,False,True
29181,92096.02000000,0.00010000,9.20960200,1768311725970529,True,True
29182,92090.27000000,0.00010000,9.20902700,1768311751174909,False,True
29183,92158.90000000,0.00498000,458.95132200,1768311865886146,False,True
29184,92158.90000000,0.00194000,178.78826600,1768311865886146,False,True
29185,92147.74000000,0.00010000,9.21477400,1768311917703955,True,True
29186,92098.00000000,0.00500000,460.49000000,1768311942025856,True,True
29187,92098.00000000,0.00502000,462.33196000,1768311942055694,True,True
29188,92098.00000000,0.00498000,458.64804000,1768311942088637,True,True
29189,92098.00000000,0.00260000,239.45480000,1768311942118282,True,True
29190,92090.61000000,0.00010000,9.20906100,1768312054558086,False,True
29191,92094.71000000,0.00994000,915.42141740,1768312054558086,False,True
29192,92115.69000000,0.00225000,207.26030250,1768312054558086,False,True
29193,92154.37000000,0.00010000,9.21543700,1768312209240675,True,True
29194,92020.81000000,0.00010000,9.20208100,1768312400575388,False,True
29195,92138.88000000,0.00010000,9.21388800,1768312494200287,True,True
29196,91868.82000000,0.00007000,6.43081740,1768312906948890,True,True
29197,91794.87000000,0.00010000,9.17948700,1768312954631622,False,True
29198,91794.87000000,0.00017000,15.60512790,1768312954631622,False,True
29199,91819.03000000,0.00054000,49.58227620,1768312971272103,False,True
29200,91822.78000000,0.00445000,408.61137100,1768312971272103,False,True
29201,91868.82000000,0.00007000,6.43081740,1768312971875806,False,True
29202,91893.22000000,0.00195000,179.19177900,1768312971875806,False,True
29203,91890.33000000,0.00010000,9.18903300,1768312999772523,True,True
29204,91860.85000000,0.00010000,9.18608500,1768313110178117,False,True
29205,91954.75000000,0.00127000,116.78253250,1768313300585253,False,True
29206,91907.55000000,0.00010000,9.19075500,1768313545827097,True,True
29207,91897.36000000,0.00010000,9.18973600,1768313750175777,False,True
29208,92134.53000000,0.00007000,6.44941710,1768314085681192,False,True
29209,92134.53000000,0.00389000,358.40332170,1768314085681192,False,True
29210,92136.51000000,0.00087000,80.15876370,1768314085681192,False,True
29211,92198.67000000,0.00010000,9.21986700,1768314194234801,True,True
29212,92166.98000000,0.00010000,9.21669800,1768314216200606,False,True
29213,92166.98000000,0.00188000,173.27392240,1768314216200606,False,True
29214,92194.65000000,0.00326000,300.55455900,1768314216200606,False,True
29215,92171.68000000,0.00010000,9.21716800,1768314306624224,True,True
29216,92162.51000000,0.00010000,9.21625100,1768314446777718,False,True
29217,92267.67000000,0.00007000,6.45873690,1768314510575130,False,True
29218,92359.82000000,0.00010000,9.23598200,1768314617512605,True,True
29219,92305.66000000,0.00010000,9.23056600,1768314635935289,False,True
29220,92401.01000000,0.00007000,6.46807070,1768314660911540,False,True
29221,92388.92000000,0.00010000,9.23889200,1768314680744169,True,True
29222,92320.29000000,0.00010000,9.23202900,1768314712074498,False,True
29223,92399.07000000,0.00010000,9.23990700,1768314745937664,True,True
29224,92281.87000000,0.00010000,9.22818700,1768314784300231,False,True
29225,92386.54000000,0.00492000,454.54177680,1768314798285174,False,True
29226,92397.92000000,0.00054000,49.89487680,1768314798285174,False,True
29227,92397.92000000,0.00189000,174.63206880,1768314798285174,False,True
29228,92445.16000000,0.00311000,287.50444760,1768314798285174,False,True
29229,92333.54000000,0.00010000,9.23335400,1768314804795245,True,True
29230,92276.21000000,0.00010000,9.22762100,1768314840822775,False,True
29231,92371.71000000,0.00010000,9.23717100,1768314864636662,True,True
29232,92363.59000000,0.00010000,9.23635900,1768314881879663,False,True
29233,92388.03000000,0.00010000,9.23880300,1768314892960971,True,True
29234,92401.16000000,0.00010000,9.24011600,1768314919013864,False,True
29235,92441.14000000,0.00010000,9.24411400,1768314924961146,True,True
29236,92437.70000000,0.00010000,9.24377000,1768314931000782,False,True
29237,92495.16000000,0.00366000,338.53228560,1768314932812220,False,True
29238,92534.54000000,0.00007000,6.47741780,1768315000647270,False,True
29239,92654.59000000,0.00094000,87.09531460,1768315004818418,False,True
29240,92654.59000000,0.00100000,92.65459000,1768315004836978,False,True
29241,92668.26000000,0.00008000,7.41346080,1768315007072940,False,True
29242,92668.25000000,0.00010000,9.26682500,1768315010785597,True,True
29243,92553.32000000,0.00010000,9.25533200,1768315073331450,False,True
29244,92656.11000000,0.00010000,9.26561100,1768315096922128,True,True
29245,92655.86000000,0.00011000,10.19214460,1768315096922128,True,True
29246,92584.47000000,0.00011000,10.18429170,1768315119092956,True,True
29247,92518.75000000,0.00010000,9.25187500,1768315142524595,False,True
29248,92749.35000000,0.00010000,9.27493500,1768315274460232,True,True
29249,92690.35000000,0.00010000,9.26903500,1768315320326689,False,True
29250,92745.21000000,0.00010000,9.27452100,1768315330524321,True,True
29251,92680.36000000,0.00010000,9.26803600,1768315347633819,False,True
29252,92802.17000000,0.00009000,8.35219530,1768315385128472,False,True
29253,92783.87000000,0.00010000,9.27838700,1768315408866497,True,True
29254,92734.40000000,0.00010000,9.27344000,1768315433030153,False,True
29255,92779.74000000,0.00010000,9.27797400,1768315444134982,True,True
29256,92598.25000000,0.00010000,9.25982500,1768315503257869,False,True
29257,92660.58000000,0.00010000,9.26605800,1768315553249120,True,True
29258,92644.38000000,0.00010000,9.26443800,1768315564732517,False,True
29259,92659.36000000,0.00010000,9.26593600,1768315590469752,True,True
29260,92520.72000000,0.00010000,9.25207200,1768315635590409,False,True
29261,92545.60000000,0.00011000,10.18001600,1768315659390645,True,True
29262,92530.37000000,0.02143000,1982.92582910,1768315659390645,True,True
29263,92609.60000000,0.00010000,9.26096000,1768315677519216,True,True
29264,92496.00000000,0.00010000,9.24960000,1768315724533924,False,True
29265,92517.85000000,0.00010000,9.25178500,1768315774628084,True,True
29266,92498.48000000,0.00010000,9.24984800,1768315814165235,False,True
29267,92590.09000000,0.00010000,9.25900900,1768315833246617,True,True
29268,92359.93000000,0.00010000,9.23599300,1768315951130901,False,True
29269,92457.54000000,0.00230000,212.65234200,1768315973598732,False,True
29270,92536.86000000,0.00010000,9.25368600,1768316055368412,True,True
29271,92380.32000000,0.00010000,9.23803200,1768316130691425,False,True
29272,92500.15000000,0.00010000,9.25001500,1768316182230140,True,True
29273,92459.41000000,0.00010000,9.24594100,1768316269425695,False,True
29274,92474.55000000,0.00010000,9.24745500,1768316375974140,True,True
29275,92267.67000000,0.00007000,6.45873690,1768316405525164,True,True
29276,92248.96000000,0.00010000,9.22489600,1768316418776373,False,True
29277,92335.14000000,0.00010000,9.23351400,1768316500222925,True,True
29278,92134.53000000,0.00007000,6.44941710,1768316553210199,True,True
29279,92098.75000000,0.00010000,9.20987500,1768316569536975,False,True
29280,92127.45000000,0.00010000,9.21274500,1768316603184018,True,True
29281,92083.08000000,0.00010000,9.20830800,1768316624621609,False,True
29282,92267.67000000,0.00007000,6.45873690,1768316807359068,False,True
29283,92401.01000000,0.00007000,6.46807070,1768316825571562,False,True
29284,92429.10000000,0.00010000,9.24291000,1768316850323751,True,True
29285,92407.25000000,0.00010000,9.24072500,1768316866313646,False,True
29286,92423.80000000,0.00010000,9.24238000,1768316871523285,True,True
29287,92265.02000000,0.00011000,10.14915220,1768317041717787,True,True
29288,92220.15000000,0.00011000,10.14421650,1768317047828506,True,True
29289,92205.24000000,0.00014000,12.90873360,1768317047828506,True,True
29290,92214.44000000,0.00010000,9.22144400,1768317089479574,False,True
29291,92262.40000000,0.00024000,22.14297600,1768317095470588,False,True
29292,92513.45000000,0.00010000,9.25134500,1768317313442191,True,True
29293,92411.49000000,0.00010000,9.24114900,1768317359775669,False,True
29294,92452.78000000,0.00010000,9.24527800,1768317388151066,True,True
29295,92399.90000000,0.00011000,10.16398900,1768317404997190,True,True
29296,92364.41000000,0.00010000,9.23644100,1768317459326475,False,True
29297,92370.29000000,0.00010000,9.23702900,1768317491893787,True,True
29298,92354.03000000,0.00011000,10.15894330,1768317491893787,True,True
29299,92207.91000000,0.00011000,10.14287010,1768317523069330,True,True
29300,92144.68000000,0.00010000,9.21446800,1768317535390456,False,True
29301,92218.76000000,0.00011000,10.14406360,1768317561737866,True,True
29302,92218.76000000,0.00010000,9.22187600,1768317561737866,True,True
29303,92183.39000000,0.00010000,9.21833900,1768317588531556,False,True
29304,92246.42000000,0.00010000,9.22464200,1768317645695790,True,True
29305,92179.70000000,0.00011000,10.13976700,1768317696626169,True,True
29306,92176.80000000,0.00010000,9.21768000,1768317708223878,False,True
29307,92267.67000000,0.00007000,6.45873690,1768317772726104,False,True
29308,92307.41000000,0.00010000,9.23074100,1768317788186923,True,True
29309,92298.21000000,0.00011000,10.15280310,1768317788186923,True,True
29310,92234.64000000,0.00011000,10.14581040,1768317805527413,True,True
29311,92223.15000000,0.00010000,9.22231500,1768317832570819,False,True
29312,92336.53000000,0.00010000,9.23365300,1768317956629571,True,True
29313,92254.61000000,0.00010000,9.22546100,1768318113506592,False,True
29314,92324.53000000,0.00010000,9.23245300,1768318155374652,True,True
29315,92307.85000000,0.00034000,31.38466900,1768318171645408,False,True
29316,92307.85000000,0.00010000,9.23078500,1768318218952754,False,True
29317,92401.01000000,0.00007000,6.46807070,1768318246414450,False,True
29318,92414.81000000,0.00095000,87.79406950,1768318249085769,False,True
29319,92414.81000000,0.00099000,91.49066190,1768318249088389,False,True
29320,92435.09000000,0.00010000,9.24350900,1768318293783353,True,True
29321,92419.25000000,0.00010000,9.24192500,1768318305412534,False,True
29322,92444.50000000,0.00220000,203.37790000,1768318305412534,False,True
29323,92437.78000000,0.00010000,9.24377800,1768318353982347,True,True
29324,92425.24000000,0.00010000,9.24252400,1768318362502015,False,True
29325,92478.89000000,0.00194000,179.40904660,1768318383784227,False,True
29326,92534.54000000,0.00007000,6.47741780,1768318401061127,False,True
29327,92668.26000000,0.00007000,6.48677820,1768318442920725,False,True
29328,92766.15000000,0.00011000,10.20427650,1768318457408048,True,True
29329,92766.15000000,0.00010000,9.27661500,1768318457408048,True,True
29330,92751.23000000,0.00010000,9.27512300,1768318560085513,False,True
29331,92802.17000000,0.00007000,6.49615190,1768318581774874,False,True
29332,92888.56000000,0.00094000,87.31524640,1768318588536164,False,True
29333,92888.56000000,0.00395000,366.90981200,1768318588542489,False,True
29334,92888.56000000,0.00497000,461.65614320,1768318588545999,False,True
29335,92888.56000000,0.00395000,366.90981200,1768318588547261,False,True
29336,92888.56000000,0.00395000,366.90981200,1768318588549309,False,True
29337,92888.56000000,0.00395000,366.90981200,1768318588556122,False,True
29338,92888.56000000,0.00504000,468.15834240,1768318588574314,False,True
29339,92888.56000000,0.00496000,460.72725760,1768318588599400,False,True
29340,92888.56000000,0.00498000,462.58502880,1768318588621913,False,True
29341,92888.56000000,0.00094000,87.31524640,1768318594937278,False,True
29342,92888.56000000,0.00395000,366.90981200,1768318594942838,False,True
29343,92888.56000000,0.00094000,87.31524640,1768318597276671,False,True
29344,92888.56000000,0.00395000,366.90981200,1768318597279235,False,True
29345,92888.56000000,0.00395000,366.90981200,1768318597281915,False,True
29346,92888.56000000,0.00395000,366.90981200,1768318597284231,False,True
29347,92888.56000000,0.00430000,399.42080800,1768318597286648,False,True
29348,92888.56000000,0.00395000,366.90981200,1768318597289164,False,True
29349,92888.56000000,0.00395000,366.90981200,1768318597294149,False,True
29350,92888.56000000,0.00395000,366.90981200,1768318597298367,False,True
29351,92888.56000000,0.00395000,366.90981200,1768318597301069,False,True
29352,92888.56000000,0.00395000,366.90981200,1768318597303677,False,True
29353,92888.56000000,0.00395000,366.90981200,1768318597325824,False,True
29354,92888.56000000,0.00395000,366.90981200,1768318597335791,False,True
29355,92888.56000000,0.00395000,366.90981200,1768318597345415,False,True
29356,92888.56000000,0.00395000,366.90981200,1768318597354772,False,True
29357,92888.56000000,0.00205000,190.42154800,1768318597362888,False,True
29358,92888.56000000,0.00430000,399.42080800,1768318597482171,False,True
29359,92888.56000000,0.00430000,399.42080800,1768318597486372,False,True
29360,92888.56000000,0.00430000,399.42080800,1768318597488695,False,True
29361,92888.56000000,0.00430000,399.42080800,1768318597491154,False,True
29362,92888.56000000,0.00430000,399.42080800,1768318597496177,False,True
29363,92888.56000000,0.00430000,399.42080800,1768318597499053,False,True
29364,92888.56000000,0.00430000,399.42080800,1768318597501167,False,True
29365,92888.56000000,0.00430000,399.42080800,1768318597503656,False,True
29366,92888.56000000,0.00430000,399.42080800,1768318597512233,False,True
29367,92888.56000000,0.00430000,399.42080800,1768318597514675,False,True
29368,92888.56000000,0.00430000,399.42080800,1768318597536412,False,True
29369,92888.56000000,0.00430000,399.42080800,1768318597539078,False,True
29370,92888.56000000,0.00430000,399.42080800,1768318597550736,False,True
29371,92888.56000000,0.00430000,399.42080800,1768318597555428,False,True
29372,92888.56000000,0.00430000,399.42080800,1768318597585202,False,True
29373,92888.56000000,0.00430000,399.42080800,1768318597596166,False,True
29374,92888.56000000,0.00430000,399.42080800,1768318597630446,False,True
29375,92888.56000000,0.00430000,399.42080800,1768318597649245,False,True
29376,92888.56000000,0.00430000,399.42080800,1768318597679148,False,True
29377,92888.56000000,0.00100000,92.88856000,1768318597706179,False,True
29378,92936.28000000,0.00009000,8.36426520,1768318601735776,False,True
29379,92955.71000000,0.00094000,87.37836740,1768318603287948,False,True
29380,92955.71000000,0.00099000,92.02615290,1768318603290767,False,True
29381,92964.95000000,0.00193000,179.42235350,1768318603627779,False,True
29382,93000.00000000,0.00010000,9.30000000,1768318616405613,False,True
29383,93052.05000000,0.00010000,9.30520500,1768318626559591,True,True
29384,93004.93000000,0.00011000,10.23054230,1768318642517678,True,True
29385,92975.27000000,0.00011000,10.22727970,1768318650323694,True,True
29386,92970.37000000,0.00010000,9.29703700,1768318667718649,False,True
29387,93006.83000000,0.00011000,10.23075130,1768318671922578,True,True
29388,93006.83000000,0.00010000,9.30068300,1768318671922578,True,True
29389,92971.87000000,0.00011000,10.22690570,1768318684208288,True,True
29390,92942.13000000,0.00010000,9.29421300,1768318731807979,False,True
29391,92984.01000000,0.00010000,9.29840100,1768318782304040,True,True
29392,92982.13000000,0.00011000,10.22803430,1768318782304040,True,True
29393,92942.77000000,0.00011000,10.22370470,1768318788623510,True,True
29394,92939.29000000,0.00010000,9.29392900,1768318803013875,False,True
29395,92953.36000000,0.00052000,48.33574720,1768318803013875,False,True
29396,92974.02000000,0.00010000,9.29740200,1768318878123169,True,True
29397,92970.12000000,0.00011000,10.22671320,1768318878123169,True,True
29398,92956.01000000,0.00010000,9.29560100,1768318888277330,False,True
29399,93041.11000000,0.00010000,9.30411100,1768318929343630,True,True
29400,92992.79000000,0.00011000,10.22920690,1768318936473311,True,True
29401,92894.50000000,0.00011000,10.21839500,1768319014478534,True,True
29402,92808.20000000,0.00010000,9.28082000,1768319087672280,False,True
29403,92887.27000000,0.00146000,135.61541420,1768319090393489,False,True
29404,92936.28000000,0.00007000,6.50553960,1768319160966824,False,True
29405,92974.18000000,0.00010000,9.29741800,1768319182421254,True,True
29406,92985.57000000,0.00839000,780.14893230,1768319226882786,False,True
29407,92985.57000000,0.00170000,158.07546900,1768319226882786,False,True
29408,92976.39000000,0.00011000,10.22740290,1768319227827770,True,True
29409,92769.01000000,0.00010000,9.27690100,1768319330300393,False,True
29410,92791.20000000,0.00010000,9.27912000,1768319386666804,True,True
29411,92803.36000000,0.00010000,9.28033600,1768319456266400,False,True
29412,92807.04000000,0.00010000,9.28070400,1768319485774218,True,True
29413,92776.96000000,0.00010000,9.27769600,1768319500467261,False,True
29414,92936.28000000,0.00007000,6.50553960,1768319660710969,False,True
29415,93191.96000000,0.00193000,179.86048280,1768319733874678,False,True
29416,93205.08000000,0.00009000,8.38845720,1768319735129998,False,True
29417,93239.25000000,0.00010000,9.32392500,1768319758745154,True,True
29418,93238.07000000,0.00011000,10.25618770,1768319758745154,True,True
29419,93226.27000000,0.00010000,9.32262700,1768319760745118,False,True
29420,93298.85000000,0.00011000,10.26287350,1768319780299285,True,True
29421,93298.85000000,0.00010000,9.32988500,1768319780299285,True,True
29422,93265.96000000,0.00010000,9.32659600,1768319857715874,False,True
29423,93344.43000000,0.00011000,10.26788730,1768319899609048,True,True
29424,93344.43000000,0.00010000,9.33444300,1768319899609048,True,True
29425,93316.89000000,0.00010000,9.33168900,1768319995106853,False,True
29426,93365.66000000,0.00021000,19.60678860,1768320007980304,False,True
29427,93435.84000000,0.00226000,211.16499840,1768320017575393,False,True
29428,93474.65000000,0.00009000,8.41271850,1768320052708766,False,True
29429,93562.09000000,0.00011000,10.29182990,1768320075164065,True,True
29430,93562.09000000,0.00010000,9.35620900,1768320075164065,True,True
29431,93527.83000000,0.00011000,10.28806130,1768320075677557,True,True
29432,93531.99000000,0.00010000,9.35319900,1768320089907424,False,True
29433,93532.25000000,0.00493000,461.11399250,1768320089907424,False,True
29434,93549.39000000,0.00010000,9.35493900,1768320098162666,True,True
29435,93496.66000000,0.00011000,10.28463260,1768320117275241,True,True
29436,93453.19000000,0.00010000,9.34531900,1768320185394837,False,True
29437,93594.59000000,0.00010000,9.35945900,1768320267205201,True,True
29438,93594.36000000,0.00011000,10.29537960,1768320267205201,True,True
29439,93584.68000000,0.00082000,76.73943760,1768320283220291,False,True
29440,93561.24000000,0.00010000,9.35612400,1768320394595336,False,True
29441,93588.87000000,0.00010000,9.35888700,1768320466284974,True,True
29442,93468.57000000,0.00011000,10.28154270,1768320492724697,True,True
29443,93457.11000000,0.00010000,9.34571100,1768320538408401,False,True
29444,93496.22000000,0.00011000,10.28458420,1768320545674973,True,True
29445,93496.22000000,0.00010000,9.34962200,1768320545674973,True,True
29446,93455.36000000,0.00011000,10.28008960,1768320562001732,True,True
29447,93397.49000000,0.00011000,10.27372390,1768320581056806,True,True
29448,93415.58000000,0.00010000,9.34155800,1768320604200250,False,True
29449,93424.65000000,0.00010000,9.34246500,1768320790144806,True,True
29450,93400.45000000,0.00011000,10.27404950,1768320798074084,True,True
29451,93339.77000000,0.00007000,6.53378390,1768320819272691,True,True
29452,93307.10000000,0.00531000,495.46070100,1768320881184777,False,True
29453,93307.44000000,0.00500000,466.53720000,1768320881184777,False,True
29454,93307.95000000,0.00160000,149.29272000,1768320881184777,False,True
29455,93308.34000000,0.00010000,9.33083400,1768320881184777,False,True
29456,93308.34000000,0.02582000,2409.22133880,1768320881184777,False,True
29457,93332.40000000,0.00488000,455.46211200,1768320881184777,False,True
29458,93350.05000000,0.00192000,179.23209600,1768320881184777,False,True
29459,93356.44000000,0.00495000,462.11437800,1768320881184777,False,True
29460,93375.20000000,0.00054000,50.42260800,1768320881184777,False,True
29461,93384.70000000,0.00485000,452.91579500,1768320881184777,False,True
29462,93416.14000000,0.00486000,454.00244040,1768320881184777,False,True
29463,93468.57000000,0.00031000,28.97525670,1768320881184777,False,True
29464,93474.65000000,0.00007000,6.54322550,1768320881184777,False,True
29465,93598.99000000,0.00107000,100.15091930,1768320881184777,False,True
29466,93599.00000000,0.00918000,859.23882000,1768320881184777,False,True
29467,93300.45000000,0.00010000,9.33004500,1768320890769418,True,True
29468,93241.75000000,0.00011000,10.25659250,1768320899397498,True,True
29469,93233.44000000,0.00010000,9.32334400,1768320914736978,False,True
29470,93277.25000000,0.00010000,9.32772500,1768320983373430,True,True
29471,93273.21000000,0.00011000,10.26005310,1768320983373430,True,True
29472,93239.15000000,0.00011000,10.25630650,1768320990689674,True,True
29473,93205.08000000,0.00007000,6.52435560,1768320990874913,True,True
29474,93182.08000000,0.00011000,10.25002880,1768320991852307,True,True
29475,93146.31000000,0.00011000,10.24609410,1768321035974851,True,True
29476,93127.94000000,0.00011000,10.24407340,1768321132084246,True,True
29477,93125.17000000,0.00010000,9.31251700,1768321181828837,False,True
29478,93371.01000000,0.00010000,9.33710100,1768321270522919,True,True
29479,93351.27000000,0.00010000,9.33512700,1768321278896445,False,True
29480,93378.81000000,0.00011000,10.27166910,1768321281507472,True,True
29481,93378.81000000,0.00010000,9.33788100,1768321281507472,True,True
29482,93348.46000000,0.00011000,10.26833060,1768321339475046,True,True
29483,93233.44000000,0.00010000,9.32334400,1768321426942310,False,True
29484,93279.59000000,0.00024000,22.38710160,1768321426942310,False,True
29485,93279.59000000,0.00034000,31.71506060,1768321428052098,False,True
29486,93256.05000000,0.00107000,99.78397350,1768321445437876,False,True
29487,93233.43000000,0.00054000,50.34605220,1768321450771269,True,True
29488,93233.43000000,0.00010000,9.32334300,1768321450771269,True,True
29489,93205.08000000,0.00007000,6.52435560,1768321459744920,True,True
29490,93192.31000000,0.00011000,10.25115410,1768321534346250,True,True
29491,93127.60000000,0.00010000,9.31276000,1768321555129721,False,True
29492,93176.70000000,0.00249000,232.00998300,1768321619037847,False,True
29493,93164.74000000,0.00010000,9.31647400,1768321631850437,True,True
29494,93156.53000000,0.00011000,10.24721830,1768321631951608,True,True
29495,93105.26000000,0.00011000,10.24157860,1768321632795318,True,True
29496,93070.58000000,0.00007000,6.51494060,1768321633010646,True,True
29497,93068.69000000,0.07287000,6781.91544030,1768321633010646,True,True
29498,93065.89000000,0.00011000,10.23724790,1768321633010646,True,True
29499,93047.54000000,0.00011000,10.23522940,1768321633985247,True,True
29500,93026.06000000,0.00010000,9.30260600,1768321643271194,False,True
29501,93136.96000000,0.00010000,9.31369600,1768321649296078,True,True
29502,93135.73000000,0.00011000,10.24493030,1768321649296078,True,True
29503,93107.12000000,0.00010000,9.31071200,1768321657717137,False,True
29504,93117.27000000,0.00010000,9.31172700,1768321670210591,True,True
29505,93101.38000000,0.00008000,7.44811040,1768321670210591,True,True
29506,93101.38000000,0.00003000,2.79304140,1768321697622826,True,True
29507,93069.61000000,0.00011000,10.23765710,1768321700741407,True,True
29508,93072.71000000,0.00010000,9.30727100,1768321747029817,False,True
29509,93117.58000000,0.00010000,9.31175800,1768321820076885,True,True
29510,93101.28000000,0.00010000,9.31012800,1768321854503545,False,True
29511,93194.14000000,0.00010000,9.31941400,1768321909077430,True,True
29512,93191.24000000,0.04125000,3844.13865000,1768321909077430,True,True
29513,93229.20000000,0.00010000,9.32292000,1768321931924550,False,True
29514,93329.28000000,0.00011000,10.26622080,1768321955675097,True,True
29515,93329.28000000,0.00010000,9.33292800,1768321955675097,True,True
29516,93311.36000000,0.00010000,9.33113600,1768321986204460,False,True
29517,93467.29000000,0.00011000,10.28140190,1768322110175850,True,True
29518,93467.29000000,0.00010000,9.34672900,1768322110175850,True,True
29519,93438.13000000,0.00011000,10.27819430,1768322112024525,True,True
29520,93438.95000000,0.00010000,9.34389500,1768322288750356,False,True
29521,93474.65000000,0.00007000,6.54322550,1768322300984558,False,True
29522,93598.75000000,0.00011000,10.29586250,1768322307323755,True,True
29523,93598.75000000,0.00010000,9.35987500,1768322307323755,True,True
29524,93562.39000000,0.00011000,10.29186290,1768322310269713,True,True
29525,93525.02000000,0.00121000,113.16527420,1768322310269713,True,True
29526,93565.14000000,0.00011000,10.29216540,1768322319773801,True,True
29527,93537.19000000,0.00011000,10.28909090,1768322334495444,True,True
29528,93506.71000000,0.00010000,9.35067100,1768322365538748,False,True
29529,93508.28000000,0.00010000,9.35082800,1768322411675317,True,True
29530,93442.80000000,0.00011000,10.27870800,1768322422617809,True,True
29531,93409.83000000,0.00010000,9.34098300,1768322509591433,False,True
29532,93570.91000000,0.00010000,9.35709100,1768322599371460,True,True
29533,93569.90000000,0.00011000,10.29268900,1768322599371460,True,True
29534,93529.54000000,0.00011000,10.28824940,1768322602136297,True,True
29535,93524.89000000,0.00082000,76.69040980,1768322669037534,False,True
29536,93477.15000000,0.00010000,9.34771500,1768322719778253,False,True
29537,93506.95000000,0.00039000,36.46771050,1768322719778253,False,True
29538,93577.11000000,0.00010000,9.35771100,1768322793136419,True,True
29539,93554.71000000,0.00155000,145.00980050,1768322823734739,False,True
29540,93517.89000000,0.00011000,10.28696790,1768322835912508,True,True
29541,93504.90000000,0.00051000,47.68749900,1768322840661365,False,True
29542,93529.38000000,0.00010000,9.35293800,1768322921368449,False,True
29543,93572.00000000,0.00006000,5.61432000,1768322994268288,True,True
29544,93598.99000000,0.00462000,432.42733380,1768323018295601,False,True
29545,93588.87000000,0.00011000,10.29477570,1768323101744069,True,True
29546,93588.87000000,0.00020000,18.71777400,1768323134246811,True,True
29547,93546.81000000,0.00011000,10.29014910,1768323152129628,True,True
29548,93588.87000000,0.00157000,146.93452590,1768323242161403,True,True
29549,93566.76000000,0.00011000,10.29234360,1768323266184757,True,True
29550,93598.99000000,0.00009000,8.42390910,1768323318580292,False,True
29551,93599.00000000,0.00093000,87.04707000,1768323349062632,False,True
29552,93599.00000000,0.00392000,366.90808000,1768323349074863,False,True
29553,93599.00000000,0.00392000,366.90808000,1768323349096759,False,True
29554,93599.00000000,0.08276000,7746.25324000,1768323349107055,False,True
29555,93599.00000000,0.00392000,366.90808000,1768323349157151,False,True
29556,93599.00000000,0.00504000,471.73896000,1768323349187372,False,True
29557,93599.00000000,0.00497000,465.18703000,1768323349209865,False,True
29558,93599.00000000,0.00501000,468.93099000,1768323349235578,False,True
29559,93599.00000000,0.00495000,463.31505000,1768323349263292,False,True
29560,93599.00000000,0.00503000,470.80297000,1768323349287922,False,True
29561,93599.00000000,0.00498000,466.12302000,1768323349317333,False,True
29562,93599.00000000,0.00498000,466.12302000,1768323349341758,False,True
29563,93599.00000000,0.00498000,466.12302000,1768323349369204,False,True
29564,93599.00000000,0.00495000,463.31505000,1768323349394403,False,True
29565,93599.00000000,0.00500000,467.99500000,1768323349427111,False,True
29566,93599.00000000,0.00093000,87.04707000,1768323349429223,False,True
29567,93599.00000000,0.00392000,366.90808000,1768323349434343,False,True
29568,93599.00000000,0.00392000,366.90808000,1768323349436627,False,True
29569,93599.00000000,0.00497000,465.18703000,1768323349450891,False,True
29570,93599.00000000,0.00499000,467.05901000,1768323349475931,False,True
29571,93599.00000000,0.00500000,467.99500000,1768323349501692,False,True
29572,93599.00000000,0.00502000,469.86698000,1768323349531093,False,True
29573,93599.00000000,0.00496000,464.25104000,1768323349556970,False,True
29574,93599.00000000,0.00495000,463.31505000,1768323349581566,False,True
29575,93599.00000000,0.00499000,467.05901000,1768323349605789,False,True
29576,93599.00000000,0.00498000,466.12302000,1768323349630935,False,True
29577,93599.00000000,0.00499000,467.05901000,1768323349658654,False,True
29578,93599.00000000,0.00496000,464.25104000,1768323349685349,False,True
29579,93599.00000000,0.00498000,466.12302000,1768323349710148,False,True
29580,93599.00000000,0.00498000,466.12302000,1768323349736331,False,True
29581,93599.00000000,0.00161000,150.69439000,1768323349764095,False,True
29582,93609.74000000,0.00009000,8.42487660,1768323349764095,False,True
29583,93665.36000000,0.00011000,10.30318960,1768323370040498,True,True
29584,93638.70000000,0.00011000,10.30025700,1768323390386662,True,True
29585,93609.94000000,0.00011000,10.29709340,1768323392005627,True,True
29586,93580.38000000,0.00011000,10.29384180,1768323399424876,True,True
29587,93559.63000000,0.00011000,10.29155930,1768323406159288,True,True
29588,93527.77000000,0.00011000,10.28805470,1768323406899198,True,True
29589,93504.50000000,0.00011000,10.28549500,1768323409299554,True,True
29590,93478.94000000,0.00011000,10.28268340,1768323418780459,True,True
29591,93456.75000000,0.00083000,77.56910250,1768323447014891,False,True
29592,93508.11000000,0.00011000,10.28589210,1768323502126998,True,True
29593,93474.24000000,0.00011000,10.28216640,1768323509730511,True,True
29594,93442.18000000,0.00011000,10.27863980,1768323512372237,True,True
29595,93416.13000000,0.00011000,10.27577430,1768323535553767,True,True
29596,93389.57000000,0.00011000,10.27285270,1768323549141913,True,True
29597,93358.30000000,0.00011000,10.26941300,1768323552109830,True,True
29598,93350.26000000,0.00054000,50.40914040,1768323559185565,True,True
29599,93339.77000000,0.00007000,6.53378390,1768323559185565,True,True
29600,93307.31000000,0.00011000,10.26380410,1768323579177682,True,True
29601,93375.74000000,0.00011000,10.27133140,1768323621878572,True,True
29602,93353.52000000,0.00011000,10.26888720,1768323640067080,True,True
29603,93332.36000000,0.00011000,10.26655960,1768323650874181,True,True
29604,93299.50000000,0.00011000,10.26294500,1768323666029683,True,True
29605,93258.04000000,0.00011000,10.25838440,1768323689372063,True,True
29606,93247.28000000,0.00011000,10.25720080,1768323703758597,True,True
29607,93205.08000000,0.00007000,6.52435560,1768323703758597,True,True
29608,93335.17000000,0.00011000,10.26686870,1768323765989815,True,True
29609,93307.56000000,0.00022000,20.52766320,1768323765989815,True,True
29610,93384.04000000,0.00011000,10.27224440,1768323807331900,True,True
29611,93340.38000000,0.00011000,10.26744180,1768323815726255,True,True
29612,93369.04000000,0.00011000,10.27059440,1768323855951033,True,True
29613,93350.08000000,0.00011000,10.26850880,1768323925925175,True,True
29614,93317.62000000,0.00011000,10.26493820,1768323967484446,True,True
29615,93333.98000000,0.00011000,10.26673780,1768323975973616,True,True
29616,93318.63000000,0.00011000,10.26504930,1768323986422639,True,True
29617,93389.47000000,0.00054000,50.43031380,1768324088489434,True,True
29618,93420.68000000,0.00011000,10.27627480,1768324153374757,True,True
29619,93383.72000000,0.00011000,10.27220920,1768324168323145,True,True
29620,93357.77000000,0.00011000,10.26935470,1768324183529004,True,True
29621,93350.08000000,0.00021000,19.60351680,1768324187555548,True,True
29622,93345.61000000,0.00011000,10.26801710,1768324187555548,True,True
29623,93325.96000000,0.00011000,10.26585560,1768324202087497,True,True
29624,93279.60000000,0.00011000,10.26075600,1768324210844898,True,True
29625,93260.43000000,0.00011000,10.25864730,1768324215940964,True,True
29626,93248.15000000,0.00056000,52.21896400,1768324251166006,False,True
29627,93218.47000000,0.00011000,10.25403170,1768324270060279,True,True
29628,93205.08000000,0.00007000,6.52435560,1768324308962285,True,True
29629,93196.31000000,0.00011000,10.25159410,1768324308962285,True,True
29630,93240.18000000,0.00011000,10.25641980,1768324395544814,True,True
29631,93254.04000000,0.00207000,193.03586280,1768324478720059,False,True
29632,93279.64000000,0.00107000,99.80921480,1768324494398699,False,True
29633,93279.64000000,0.00083000,77.42210120,1768324495132407,False,True
29634,93256.74000000,0.00011000,10.25824140,1768324501428976,True,True
29635,93226.18000000,0.00011000,10.25487980,1768324552172411,True,True
29636,93224.12000000,0.00010000,9.32241200,1768324553803759,False,True
29637,93305.56000000,0.00011000,10.26361160,1768324612824749,True,True
29638,93276.50000000,0.00011000,10.26041500,1768324614623733,True,True
29639,93254.04000000,0.00011000,10.25794440,1768324618477602,True,True
29640,93224.98000000,0.00054000,50.34148920,1768324626321671,True,True
29641,93205.08000000,0.00007000,6.52435560,1768324642059153,True,True
29642,93200.84000000,0.00054000,50.32845360,1768324642059153,True,True
29643,93171.39000000,0.00054000,50.31255060,1768324647146710,True,True
29644,93148.35000000,0.00054000,50.30010900,1768324667581265,True,True
29645,93121.10000000,0.00054000,50.28539400,1768324671132565,True,True
29646,93097.86000000,0.00054000,50.27284440,1768324672076762,True,True
29647,93070.58000000,0.00007000,6.51494060,1768324672327167,True,True
29648,93063.51000000,0.00054000,50.25429540,1768324672327167,True,True
29649,93139.81000000,0.00054000,50.29549740,1768324835823459,True,True
29650,93117.97000000,0.00054000,50.28370380,1768324840611992,True,True
29651,93289.49000000,0.00054000,50.37632460,1768325063689629,True,True
29652,93347.96000000,0.00054000,50.40789840,1768325098975064,True,True
29653,93311.73000000,0.00054000,50.38833420,1768325104977231,True,True
29654,93285.99000000,0.00054000,50.37443460,1768325113723521,True,True
29655,93258.84000000,0.00054000,50.35977360,1768325114874979,True,True
29656,93393.84000000,0.00053000,49.49873520,1768325273267959,False,True
29657,93371.62000000,0.00337000,314.66235940,1768325376459751,False,True
29658,93387.85000000,0.00054000,50.42943900,1768325417884673,True,True
29659,93283.38000000,0.00054000,50.37302520,1768325478274687,True,True
29660,93229.44000000,0.00054000,50.34389760,1768325479940394,True,True
29661,93205.08000000,0.00007000,6.52435560,1768325479940394,True,True
29662,93227.79000000,0.00054000,50.34300660,1768325484423990,True,True
29663,93322.89000000,0.00054000,50.39436060,1768325517223707,True,True
29664,93284.24000000,0.00054000,50.37348960,1768325605507477,True,True
29665,93304.31000000,0.00054000,50.38432740,1768325744973908,True,True
29666,93205.08000000,0.00007000,6.52435560,1768325862373824,True,True
29667,93202.83000000,0.00025000,23.30070750,1768325906238000,False,True
29668,93172.67000000,0.00015000,13.97590050,1768325920184623,False,True
29669,93224.05000000,0.00381000,355.18363050,1768326024135036,False,True
29670,93246.23000000,0.00015000,13.98693450,1768326052581019,False,True
29671,93196.04000000,0.00054000,50.32586160,1768326089537006,True,True
29672,93122.44000000,0.00106000,98.70978640,1768326090282788,True,True
29673,93122.44000000,0.00001000,0.93122440,1768326090282959,True,True
29674,93109.11000000,0.00054000,50.27891940,1768326090282959,True,True
29675,93088.48000000,0.00051000,47.47512480,1768326090282959,True,True
29676,93088.48000000,0.00106000,98.67378880,1768326090288320,True,True
29677,93088.48000000,0.00106000,98.67378880,1768326090288339,True,True
29678,93088.49000000,0.00106000,98.67379940,1768326090311134,True,True
29679,93088.49000000,0.00106000,98.67379940,1768326090311367,True,True
29680,93099.16000000,0.00054000,50.27354640,1768326090337169,True,True
29681,93088.49000000,0.00052000,48.40601480,1768326090337169,True,True
29682,93202.42000000,0.00019000,17.70845980,1768326137774410,False,True
29683,93318.66000000,0.00060000,55.99119600,1768326303144140,False,True
29684,93374.91000000,0.00116000,108.31489560,1768326350087560,False,True
29685,93333.62000000,0.00844000,787.73575280,1768326520832799,False,True
29686,93411.22000000,0.00478000,446.50563160,1768326590135809,False,True
29687,93386.29000000,0.00054000,50.42859660,1768326721728535,True,True
29688,93311.13000000,0.00054000,50.38801020,1768326816673330,True,True
29689,93243.53000000,0.02552000,2379.57488560,1768326963093504,False,True
29690,93205.08000000,0.00007000,6.52435560,1768327133925117,True,True
29691,93195.78000000,0.00054000,50.32572120,1768327133925117,True,True
29692,93472.28000000,0.00094000,87.86394320,1768327626273296,False,True
29693,93472.28000000,0.00098000,91.60283440,1768327626275512,False,True
29694,93474.65000000,0.00007000,6.54322550,1768327626275512,False,True
29695,93339.77000000,0.00007000,6.53378390,1768327717155190,True,True
29696,93331.36000000,0.00214000,199.72911040,1768327757252000,False,True
29697,93474.65000000,0.00007000,6.54322550,1768328008985453,False,True
29698,93527.73000000,0.00053000,49.56969690,1768328068973913,True,True
29699,93521.43000000,0.00139000,129.99478770,1768328068973913,True,True
29700,93521.43000000,0.00192000,179.56114560,1768328069022748,True,True
29701,93521.43000000,0.00192000,179.56114560,1768328069022757,True,True
29702,93528.39000000,0.00053000,49.57004670,1768328069202839,True,True
29703,93474.65000000,0.00007000,6.54322550,1768328069202839,True,True
29704,93418.16000000,0.00105000,98.08906800,1768328069529447,True,True
29705,93418.16000000,0.00105000,98.08906800,1768328069529679,True,True
29706,93418.16000000,0.00105000,98.08906800,1768328069533244,True,True
29707,93418.16000000,0.00105000,98.08906800,1768328069565995,True,True
29708,93586.40000000,0.00015000,14.03796000,1768328252464042,False,True
29709,93586.40000000,0.00052000,48.66492800,1768328421697443,True,True
29710,93686.11000000,0.00031000,29.04269410,1768328578821188,False,True
29711,93561.17000000,0.00053000,49.58742010,1768328869625091,True,True
29712,93668.46000000,0.00053000,49.64428380,1768329440729557,True,True
29713,93589.61000000,0.00053000,49.60249330,1768329557336698,True,True
29714,93561.17000000,0.00413000,386.40763210,1768329557469377,True,True
29715,93564.27000000,0.00053000,49.58906310,1768329679691682,True,True
29716,93517.95000000,0.00053000,49.56451350,1768329691782575,True,True
29717,93470.19000000,0.00053000,49.53920070,1768329711380698,True,True
29718,93575.65000000,0.00030000,28.07269500,1768329867730819,False,True
29719,93745.01000000,0.00010000,9.37450100,1768330136410712,False,True
29720,93649.50000000,0.00053000,49.63423500,1768330198687660,True,True
29721,93609.74000000,0.00007000,6.55268180,1768330200878377,True,True
29722,93588.16000000,0.00053000,49.60172480,1768330211345602,True,True
29723,93551.02000000,0.01033000,966.38203660,1768330414968197,False,True
29724,93500.60000000,0.00053000,49.55531800,1768330470817558,True,True
29725,93565.26000000,0.00054000,50.52524040,1768330701746852,False,True
29726,93529.68000000,0.00053000,49.57073040,1768330969906103,True,True
29727,93526.34000000,0.00750000,701.44755000,1768331156927972,False,True
29728,93455.39000000,0.00026000,24.29840140,1768331395314559,False,True
29729,93719.73000000,0.00056000,52.48304880,1768332148576349,False,True
29730,93644.71000000,0.00221000,206.95480910,1768332226621030,True,True
29731,93745.01000000,0.00007000,6.56215070,1768332495454305,False,True
29732,93800.42000000,0.00104000,97.55243680,1768332637164178,False,True
29733,93880.48000000,0.00010000,9.38804800,1768332816116916,False,True
29734,93963.18000000,0.00093000,87.38575740,1768332848671238,False,True
29735,93963.18000000,0.00098000,92.08391640,1768332848674240,False,True
29736,93996.31000000,0.00093000,87.41656830,1768332849385245,False,True
29737,93996.31000000,0.00391000,367.52557210,1768332849395551,False,True
29738,93996.31000000,0.00391000,367.52557210,1768332849399252,False,True
29739,93996.31000000,0.00198000,186.11269380,1768332849401986,False,True
29740,93996.31000000,0.00391000,367.52557210,1768332849407758,False,True
29741,93996.84000000,0.00191000,179.53396440,1768332849427060,False,True
29742,94000.00000000,0.00200000,188.00000000,1768332849427060,False,True
29743,94000.00000000,0.00391000,367.54000000,1768332849435857,False,True
29744,94000.00000000,0.00093000,87.42000000,1768332849473658,False,True
29745,94000.00000000,0.00033000,31.02000000,1768332849476618,False,True
29746,94000.00000000,0.00358000,336.52000000,1768332849476618,False,True
29747,94000.00000000,0.00325000,305.50000000,1768332849479629,False,True
29748,94000.00000000,0.00391000,367.54000000,1768332849484346,False,True
29749,93996.95000000,0.00191000,179.53417450,1768332849656588,False,True
29750,94000.00000000,0.00498000,468.12000000,1768332849678316,False,True
29751,94000.00000000,0.00215000,202.10000000,1768332849685345,False,True
29752,94000.00000000,0.00391000,367.54000000,1768332849690200,False,True
29753,94000.00000000,0.00500000,470.00000000,1768332849695567,False,True
29754,94000.00000000,0.00503000,472.82000000,1768332849720027,False,True
29755,94000.00000000,0.00247000,232.18000000,1768332849739631,False,True
29756,94000.00000000,0.00495000,465.30000000,1768332849745192,False,True
29757,94000.00000000,0.00503000,472.82000000,1768332849771656,False,True
29758,93996.95000000,0.00191000,179.53417450,1768332849799863,False,True
29759,94000.00000000,0.00305000,286.70000000,1768332849799863,False,True
29760,94000.00000000,0.00496000,466.24000000,1768332849825605,False,True
29761,93996.95000000,0.00191000,179.53417450,1768332850068960,False,True
29762,94000.00000000,0.00381000,358.14000000,1768332850200361,False,True
29763,93996.95000000,0.00191000,179.53417450,1768332850392785,False,True
29764,94000.00000000,0.00197000,185.18000000,1768332850392785,False,True
29765,94000.00000000,0.00501000,470.94000000,1768332850398398,False,True
29766,94000.00000000,0.01502000,1411.88000000,1768332850460765,False,True
29767,94000.00000000,0.00010000,9.40000000,1768332850460765,False,True
29768,94016.15000000,0.00011000,10.34177650,1768332850466898,False,True
29769,94019.47000000,0.00053000,49.83031910,1768332856108729,True,True
29770,93974.10000000,0.00053000,49.80627300,1768332859424500,True,True
29771,94000.86000000,0.00152000,142.88130720,1768332862828111,False,True
29772,93986.27000000,0.00053000,49.81272310,1768332865422780,True,True
29773,93955.53000000,0.00053000,49.79643090,1768332868765110,True,True
29774,93933.39000000,0.00053000,49.78469670,1768332870925018,True,True
29775,93899.35000000,0.00053000,49.76665550,1768332874942712,True,True
29776,93918.32000000,0.00053000,49.77670960,1768332890688278,True,True
29777,93905.79000000,0.00053000,49.77006870,1768332895024134,True,True
29778,93883.45000000,0.00053000,49.75822850,1768332908168752,True,True
29779,93961.70000000,0.00093000,87.38438100,1768332936620288,False,True
29780,93961.70000000,0.00098000,92.08246600,1768332936624694,False,True
29781,93986.73000000,0.00272000,255.64390560,1768333005288142,False,True
29782,94007.23000000,0.00053000,49.82383190,1768333086823494,True,True
29783,93954.69000000,0.00053000,49.79598570,1768333104274037,True,True
29784,94007.23000000,0.00093000,87.42672390,1768333245764563,True,True
29785,94007.23000000,0.00167000,156.99207410,1768333245767183,True,True
29786,94007.23000000,0.00093000,87.42672390,1768333248569259,True,True
29787,94007.23000000,0.00125000,117.50903750,1768333252194274,True,True
29788,94016.15000000,0.00007000,6.58113050,1768333322738629,False,True
29789,94010.65000000,0.00154000,144.77640100,1768333530956231,False,True
29790,94037.65000000,0.01116000,1049.46017400,1768333823748718,False,True
29791,94037.65000000,0.00118000,110.96442700,1768333823748718,False,True
29792,94152.01000000,0.00010000,9.41520100,1768334405677049,False,True
29793,94152.01000000,0.00093000,87.56136930,1768334494793546,True,True
29794,94163.69000000,0.00053000,49.90675570,1768334571616393,True,True
29795,94217.99000000,0.00053000,49.93553470,1768334835330935,False,True
29796,94273.49000000,0.00190000,179.11963100,1768334881254258,False,True
29797,94292.61000000,0.04587000,4325.20202070,1768334881427403,True,True
29798,94299.97000000,0.00005000,4.71499850,1768334926338605,False,True
29799,94386.94000000,0.00013000,12.27030220,1768335151720163,False,True
29800,94320.64000000,0.00093000,87.71819520,1768335166464453,False,True
29801,94320.64000000,0.00097000,91.49102080,1768335166467018,False,True
29802,94361.72000000,0.00099000,93.41810280,1768335333123631,False,True
29803,94365.25000000,0.00717000,676.59884250,1768335358601432,False,True
29804,94264.51000000,0.00053000,49.96019030,1768335470258407,True,True
29805,94304.02000000,0.00190000,179.17763800,1768335508374362,False,True
29806,94314.35000000,0.00093000,87.71234550,1768335508710297,False,True
29807,94314.35000000,0.00093000,87.71234550,1768335509664967,False,True
29808,94339.53000000,0.00509000,480.18820770,1768335822110635,False,True
29809,94396.40000000,0.00053000,50.03009200,1768335978083529,True,True
29810,94288.07000000,0.00007000,6.60016490,1768336061274159,True,True
29811,94264.51000000,0.00010000,9.42645100,1768336068400808,True,True
29812,94249.00000000,0.00008000,7.53992000,1768336104160504,False,True
29813,94230.33000000,0.00053000,49.94207490,1768336313973152,True,True
29814,94214.93000000,0.00504000,474.84324720,1768336314131773,True,True
29815,94172.09000000,0.00053000,49.91120770,1768336634551407,True,True
29816,94152.01000000,0.00007000,6.59064070,1768336634551407,True,True
29817,94094.54000000,0.00053000,49.87010620,1768336657601580,True,True
29818,94168.66000000,0.00006000,5.65011960,1768336703112513,True,True
29819,94201.15000000,0.00053000,49.92660950,1768336742781501,False,True
29820,94214.21000000,0.00080000,75.37136800,1768336742781501,False,True
29821,94231.15000000,0.00095000,89.51959250,1768336841466282,False,True
29822,94243.41000000,0.00114000,107.43748740,1768337378509780,False,True
29823,94362.21000000,0.00036000,33.97039560,1768337603691957,False,True
29824,94286.67000000,0.00035000,33.00033450,1768337652170495,True,True
29825,94286.67000000,0.00009000,8.48580030,1768337687628703,True,True
29826,94330.31000000,0.00051000,48.10845810,1768337710256913,False,True
29827,94286.67000000,0.00009000,8.48580030,1768337732745139,True,True
29828,94307.62000000,0.00009000,8.48768580,1768337821275459,True,True
29829,94355.27000000,0.00078000,73.59711060,1768337869746020,True,True
29830,94396.39000000,0.00053000,50.03008670,1768337954818661,True,True
29831,94396.39000000,0.00105000,99.11620950,1768338166364446,True,True
29832,94396.39000000,0.00018000,16.99135020,1768338298679539,False,True
29833,94396.40000000,0.00006000,5.66378400,1768338298679539,False,True
29834,94438.06000000,0.00102000,96.32682120,1768338434517930,False,True
29835,94338.00000000,0.00053000,49.99914000,1768338701424380,True,True
29836,94352.37000000,0.00053000,50.00675610,1768338738986274,True,True
29837,94362.51000000,0.00017000,16.04162670,1768338894016178,True,True
29838,94393.43000000,0.00020000,18.87868600,1768339241900756,True,True
29839,94288.07000000,0.00007000,6.60016490,1768340083716759,True,True
29840,94271.09000000,0.00018000,16.96879620,1768340142076156,False,True
29841,94209.82000000,0.00102000,96.09401640,1768340206938596,False,True
29842,94227.90000000,0.00370000,348.64323000,1768340549221584,False,True
29843,94195.86000000,0.00059000,55.57555740,1768340761721167,False,True
29844,94195.86000000,0.00011000,10.36154460,1768340823508793,False,True
29845,94152.63000000,0.00061000,57.43310430,1768340862469893,False,True
29846,94106.14000000,0.00014000,13.17485960,1768341213000323,False,True
29847,94117.73000000,0.00053000,49.88239690,1768341311757892,False,True
29848,94156.89000000,0.00071000,66.85139190,1768341311757892,False,True
29849,94063.92000000,0.00006000,5.64383520,1768341453265136,True,True
29850,94217.85000000,0.00053000,49.93546050,1768342024480210,False,True
29851,94398.65000000,0.00053000,50.03128450,1768342109654207,False,True
29852,94442.93000000,0.00053000,50.05475290,1768342134013111,False,True
29853,94500.00000000,0.00499000,471.55500000,1768342146579489,False,True
29854,94500.00000000,0.09162000,8658.09000000,1768342146600733,False,True
29855,94500.00000000,0.00389000,367.60500000,1768342146601889,False,True
29856,94500.00000000,0.00389000,367.60500000,1768342146672191,False,True
29857,94500.00000000,0.00500000,472.50000000,1768342146677066,False,True
29858,94500.00000000,0.00389000,367.60500000,1768342146686912,False,True
29859,94500.00000000,0.00389000,367.60500000,1768342146697499,False,True
29860,94500.00000000,0.00389000,367.60500000,1768342146702129,False,True
29861,94500.00000000,0.00389000,367.60500000,1768342146709417,False,True
29862,94500.00000000,0.00389000,367.60500000,1768342146713836,False,True
29863,94500.00000000,0.00501000,473.44500000,1768342146715215,False,True
29864,94500.00000000,0.00389000,367.60500000,1768342146716376,False,True
29865,94500.00000000,0.00389000,367.60500000,1768342146719624,False,True
29866,94500.00000000,0.00389000,367.60500000,1768342146726149,False,True
29867,94500.00000000,0.00389000,367.60500000,1768342146728533,False,True
29868,94500.00000000,0.00389000,367.60500000,1768342146732637,False,True
29869,94500.00000000,0.00122000,115.29000000,1768342146735353,False,True
29870,94500.00000000,0.00498000,470.61000000,1768342146739243,False,True
29871,94500.00000000,0.20568000,19436.76000000,1768342146740683,False,True
29872,94500.00000000,0.00498000,470.61000000,1768342146763343,False,True
29873,94500.00000000,0.00495000,467.77500000,1768342146788558,False,True
29874,94500.00000000,0.00093000,87.88500000,1768342146803741,False,True
29875,94500.00000000,0.00389000,367.60500000,1768342146809410,False,True
29876,94500.00000000,0.00389000,367.60500000,1768342146811968,False,True
29877,94500.00000000,0.00389000,367.60500000,1768342146815610,False,True
29878,94500.00000000,0.00498000,470.61000000,1768342146816265,False,True
29879,94500.00000000,0.00389000,367.60500000,1768342146819383,False,True
29880,94500.00000000,0.00389000,367.60500000,1768342146832132,False,True
29881,94500.00000000,0.00389000,367.60500000,1768342146835186,False,True
29882,94500.00000000,0.00389000,367.60500000,1768342146837308,False,True
29883,94500.00000000,0.00389000,367.60500000,1768342146839696,False,True
29884,94500.00000000,0.00389000,367.60500000,1768342146841831,False,True
29885,94500.00000000,0.00389000,367.60500000,1768342146844301,False,True
29886,94500.00000000,0.00496000,468.72000000,1768342146845065,False,True
29887,94500.00000000,0.00389000,367.60500000,1768342146846940,False,True
29888,94500.00000000,0.00389000,367.60500000,1768342146849502,False,True
29889,94500.00000000,0.00389000,367.60500000,1768342146851577,False,True
29890,94500.00000000,0.00389000,367.60500000,1768342146856314,False,True
29891,94500.00000000,0.00389000,367.60500000,1768342146858634,False,True
29892,94500.00000000,0.00389000,367.60500000,1768342146861598,False,True
29893,94500.00000000,0.00109000,103.00500000,1768342146864222,False,True
29894,94500.00000000,0.00389000,367.60500000,1768342146869326,False,True
29895,94500.00000000,0.00389000,367.60500000,1768342146871745,False,True
29896,94500.00000000,0.00389000,367.60500000,1768342146874617,False,True
29897,94500.00000000,0.00504000,476.28000000,1768342146875743,False,True
29898,94500.00000000,0.00389000,367.60500000,1768342146877827,False,True
29899,94500.00000000,0.00389000,367.60500000,1768342146881936,False,True
29900,94500.00000000,0.00389000,367.60500000,1768342146888625,False,True
29901,94500.00000000,0.00389000,367.60500000,1768342146892855,False,True
29902,94500.00000000,0.00102000,96.39000000,1768342146896419,False,True
29903,94500.00000000,0.00389000,367.60500000,1768342146899835,False,True
29904,94500.00000000,0.00389000,367.60500000,1768342146902895,False,True
29905,94500.00000000,0.00502000,474.39000000,1768342146903331,False,True
29906,94500.00000000,0.00389000,367.60500000,1768342146905588,False,True
29907,94500.00000000,0.00389000,367.60500000,1768342146908464,False,True
29908,94500.00000000,0.00389000,367.60500000,1768342146910831,False,True
29909,94500.00000000,0.00282000,266.49000000,1768342146913471,False,True
29910,94500.00000000,0.00497000,469.66500000,1768342146931496,False,True
29911,94500.00000000,0.00498000,470.61000000,1768342146959376,False,True
29912,94500.00000000,0.00502000,474.39000000,1768342146982568,False,True
29913,94500.00000000,0.00504000,476.28000000,1768342147007596,False,True
29914,94500.00000000,0.00498000,470.61000000,1768342147035401,False,True
29915,94500.00000000,0.00502000,474.39000000,1768342147059295,False,True
29916,94500.00000000,0.00499000,471.55500000,1768342147085987,False,True
29917,94500.00000000,0.00498000,470.61000000,1768342147116111,False,True
29918,94500.00000000,0.00093000,87.88500000,1768342147908532,False,True
29919,94500.00000000,0.00496000,468.72000000,1768342148596258,False,True
29920,94500.00000000,0.00498000,470.61000000,1768342148684063,False,True
29921,94500.00000000,0.00497000,469.66500000,1768342148716941,False,True
29922,94500.00000000,0.00501000,473.44500000,1768342148744154,False,True
29923,94500.00000000,0.00497000,469.66500000,1768342148766737,False,True
29924,94500.00000000,0.00503000,475.33500000,1768342148791433,False,True
29925,94500.00000000,0.00498000,470.61000000,1768342148815177,False,True
29926,94500.00000000,0.00501000,473.44500000,1768342148842028,False,True
29927,94500.00000000,0.00093000,87.88500000,1768342148870240,False,True
29928,94500.00000000,0.00500000,472.50000000,1768342148874816,False,True
29929,94500.00000000,0.00198000,187.11000000,1768342148877487,False,True
29930,94500.00000000,0.00503000,475.33500000,1768342148911438,False,True
29931,94500.00000000,0.00498000,470.61000000,1768342148941349,False,True
29932,94500.00000000,0.00501000,473.44500000,1768342150059000,False,True
29933,94500.00000000,0.00500000,472.50000000,1768342150184092,False,True
29934,94500.00000000,0.00093000,87.88500000,1768342150234406,False,True
29935,94500.00000000,0.00389000,367.60500000,1768342150246473,False,True
29936,94500.00000000,0.00500000,472.50000000,1768342150249159,False,True
29937,94500.00000000,0.00389000,367.60500000,1768342150253948,False,True
29938,94500.00000000,0.00389000,367.60500000,1768342150261478,False,True
29939,94500.00000000,0.00389000,367.60500000,1768342150266522,False,True
29940,94500.00000000,0.00389000,367.60500000,1768342150272513,False,True
29941,94500.00000000,0.00389000,367.60500000,1768342150279213,False,True
29942,94500.00000000,0.00499000,471.55500000,1768342150281266,False,True
29943,94500.00000000,0.00389000,367.60500000,1768342150281760,False,True
29944,94500.00000000,0.00389000,367.60500000,1768342150284424,False,True
29945,94500.00000000,0.00389000,367.60500000,1768342150287028,False,True
29946,94500.00000000,0.00389000,367.60500000,1768342150295482,False,True
29947,94500.00000000,0.00389000,367.60500000,1768342150298854,False,True
29948,94500.00000000,0.00389000,367.60500000,1768342150303319,False,True
29949,94500.00000000,0.00389000,367.60500000,1768342150307714,False,True
29950,94500.00000000,0.00503000,475.33500000,1768342150309314,False,True
29951,94500.00000000,0.00389000,367.60500000,1768342150310746,False,True
29952,94500.00000000,0.00389000,367.60500000,1768342150313678,False,True
29953,94500.00000000,0.00389000,367.60500000,1768342150319313,False,True
29954,94500.00000000,0.00389000,367.60500000,1768342150321999,False,True
29955,94500.00000000,0.00389000,367.60500000,1768342150324453,False,True
29956,94500.00000000,0.00389000,367.60500000,1768342150327782,False,True
29957,94500.00000000,0.00496000,468.72000000,1768342150335137,False,True
29958,94500.00000000,0.00389000,367.60500000,1768342150335863,False,True
29959,94500.00000000,0.00389000,367.60500000,1768342150338556,False,True
29960,94500.00000000,0.00389000,367.60500000,1768342150345691,False,True
29961,94500.00000000,0.00378000,357.21000000,1768342150348113,False,True
29962,94500.00000000,0.00499000,471.55500000,1768342150362308,False,True
29963,94500.00000000,0.00106000,100.17000000,1768342150379433,False,True
29964,94500.00000000,0.00502000,474.39000000,1768342150389738,False,True
29965,94500.00000000,0.00389000,367.60500000,1768342150400603,False,True
29966,94500.00000000,0.00389000,367.60500000,1768342150403638,False,True
29967,94500.00000000,0.00389000,367.60500000,1768342150408270,False,True
29968,94500.00000000,0.00389000,367.60500000,1768342150415450,False,True
29969,94500.00000000,0.00389000,367.60500000,1768342150425395,False,True
29970,94500.00000000,0.00502000,474.39000000,1768342150427403,False,True
29971,94500.00000000,0.00389000,367.60500000,1768342150435407,False,True
29972,94500.00000000,0.00389000,367.60500000,1768342150446652,False,True
29973,94500.00000000,0.00389000,367.60500000,1768342150455601,False,True
29974,94500.00000000,0.00389000,367.60500000,1768342150461461,False,True
29975,94500.00000000,0.00389000,367.60500000,1768342150467432,False,True
29976,94500.00000000,0.00500000,472.50000000,1768342150470556,False,True
29977,94500.00000000,0.00389000,367.60500000,1768342150470774,False,True
29978,94500.00000000,0.00389000,367.60500000,1768342150473208,False,True
29979,94500.00000000,0.00389000,367.60500000,1768342150475689,False,True
29980,94500.00000000,0.00389000,367.60500000,1768342150479796,False,True
29981,94500.00000000,0.00389000,367.60500000,1768342150482458,False,True
29982,94500.00000000,0.00389000,367.60500000,1768342150484792,False,True
29983,94500.00000000,0.00389000,367.60500000,1768342150487042,False,True
29984,94500.00000000,0.00389000,367.60500000,1768342150490146,False,True
29985,94500.00000000,0.00389000,367.60500000,1768342150496326,False,True
29986,94500.00000000,0.00495000,467.77500000,1768342150497113,False,True
29987,94500.00000000,0.00497000,469.66500000,1768342150523860,False,True
29988,94500.00000000,0.00503000,475.33500000,1768342150559700,False,True
29989,94500.00000000,0.00498000,470.61000000,1768342150589131,False,True
29990,94500.00000000,0.00501000,473.44500000,1768342150615182,False,True
29991,94500.00000000,0.00503000,475.33500000,1768342150646900,False,True
29992,94500.00000000,0.00500000,472.50000000,1768342150676652,False,True
29993,94500.00000000,0.00496000,468.72000000,1768342150698237,False,True
29994,94500.00000000,0.00497000,469.66500000,1768342150722235,False,True
29995,94500.00000000,0.00499000,471.55500000,1768342150747886,False,True
29996,94500.00000000,0.00389000,367.60500000,1768342150760789,False,True
29997,94500.00000000,0.00389000,367.60500000,1768342150767633,False,True
29998,94500.00000000,0.00389000,367.60500000,1768342150779445,False,True
29999,94500.00000000,0.00504000,476.28000000,1768342150782102,False,True
30000,94500.00000000,0.00389000,367.60500000,1768342150791658,False,True
30001,94500.00000000,0.00389000,367.60500000,1768342150802627,False,True
30002,94500.00000000,0.00389000,367.60500000,1768342150810938,False,True
30003,94500.00000000,0.00389000,367.60500000,1768342150817456,False,True
30004,94500.00000000,0.00389000,367.60500000,1768342150821951,False,True
30005,94500.00000000,0.00498000,470.61000000,1768342150824649,False,True
30006,94500.00000000,0.00389000,367.60500000,1768342150825174,False,True
30007,94500.00000000,0.00389000,367.60500000,1768342150830652,False,True
30008,94500.00000000,0.00389000,367.60500000,1768342150833500,False,True
30009,94500.00000000,0.00389000,367.60500000,1768342150836160,False,True
30010,94500.00000000,0.00389000,367.60500000,1768342150838629,False,True
30011,94500.00000000,0.00389000,367.60500000,1768342150845172,False,True
30012,94500.00000000,0.00212000,200.34000000,1768342150847329,False,True
30013,94500.00000000,0.00495000,467.77500000,1768342150852127,False,True
30014,94500.00000000,0.00504000,476.28000000,1768342150879049,False,True
30015,94500.00000000,0.00496000,468.72000000,1768342150904439,False,True
30016,94500.00000000,0.00389000,367.60500000,1768342150930197,False,True
30017,94500.00000000,0.00389000,367.60500000,1768342150957788,False,True
30018,94500.00000000,0.00495000,467.77500000,1768342150992775,False,True
30019,94500.00000000,0.00389000,367.60500000,1768342151014511,False,True
30020,94500.00000000,0.00107000,101.11500000,1768342151039875,False,True
30021,94500.00000000,0.00496000,468.72000000,1768342151083973,False,True
30022,94500.00000000,0.02861000,2703.64500000,1768342151087556,False,True
30023,94500.00000000,0.01324000,1251.18000000,1768342151102390,False,True
30024,94560.78000000,0.00011000,10.40168580,1768342197178720,False,True
30025,94562.15000000,0.00082000,77.54096300,1768342197178720,False,True
30026,94562.15000000,0.00108000,102.12712200,1768342197181986,False,True
30027,94594.52000000,0.00092000,87.02695840,1768342198161537,False,True
30028,94594.52000000,0.00098000,92.70262960,1768342198166807,False,True
30029,94644.64000000,0.00092000,87.07306880,1768342199680403,False,True
30030,94644.64000000,0.00098000,92.75174720,1768342199724843,False,True
30031,94644.64000000,0.00119000,112.62712160,1768342200074216,False,True
30032,94697.43000000,0.00011000,10.41671730,1768342204948344,False,True
30033,94700.11000000,0.00190000,179.93020900,1768342204948344,False,True
30034,94718.72000000,0.00092000,87.14122240,1768342205446490,False,True
30035,94718.72000000,0.00098000,92.82434560,1768342205516799,False,True
30036,94735.01000000,0.00190000,179.99651900,1768342205848138,False,True
30037,94785.30000000,0.00053000,50.23620900,1768342207606132,True,True
30038,94743.97000000,0.00053000,50.21430410,1768342208656276,True,True
30039,94717.85000000,0.00053000,50.20046050,1768342210879268,True,True
30040,94834.28000000,0.00011000,10.43177080,1768342219552157,False,True
30041,94845.05000000,0.00189000,179.25714450,1768342219552157,False,True
30042,94885.48000000,0.00092000,87.29464160,1768342219833607,False,True
30043,94885.48000000,0.00183000,173.64042840,1768342220031422,False,True
30044,94885.48000000,0.00189000,179.33355720,1768342220031422,False,True
30045,94881.71000000,0.00189000,179.32643190,1768342220552294,False,True
30046,94971.32000000,0.00010000,9.49713200,1768342221224088,False,True
30047,94971.32000000,0.00189000,179.49579480,1768342221224088,False,True
30048,94983.47000000,0.00189000,179.51875830,1768342221500673,False,True
30049,95000.00000000,0.00010000,9.50000000,1768342221542380,False,True
30050,95000.00000000,0.00433000,411.35000000,1768342221542380,False,True
30051,95064.55000000,0.00053000,50.38421150,1768342221834057,True,True
30052,95064.56000000,0.00092000,87.45939520,1768342222508644,False,True
30053,95064.56000000,0.00097000,92.21262320,1768342222511459,False,True
30054,95104.57000000,0.00386000,367.10364020,1768342222817303,False,True
30055,95104.57000000,0.00386000,367.10364020,1768342222822756,False,True
30056,95104.57000000,0.00254000,241.56560780,1768342222830071,False,True
30057,95104.57000000,0.00092000,87.49620440,1768342222844574,False,True
30058,95083.17000000,0.00189000,179.70719130,1768342222889486,False,True
30059,95108.56000000,0.00011000,10.46194160,1768342223003971,False,True
30060,95112.39000000,0.00189000,179.76241710,1768342223091982,False,True
30061,95180.95000000,0.00420000,399.75999000,1768342223279866,False,True
30062,95213.85000000,0.00420000,399.89817000,1768342224101524,False,True
30063,95213.85000000,0.00092000,87.59674200,1768342224153450,False,True
30064,95213.85000000,0.00419000,398.94603150,1768342224247649,False,True
30065,95213.84000000,0.00053000,50.46333520,1768342225096215,True,True
30066,95221.01000000,0.00053000,50.46713530,1768342225145378,True,True
30067,95193.33000000,0.00053000,50.45246490,1768342225269869,True,True
30068,95111.80000000,0.00499000,474.60788200,1768342225560616,True,True
30069,95154.12000000,0.00189000,179.84128680,1768342226600987,False,True
30070,95207.21000000,0.00189000,179.94162690,1768342228284892,False,True
30071,95207.21000000,0.00189000,179.94162690,1768342228722898,False,True
30072,95231.69000000,0.00189000,179.98789410,1768342228954652,False,True
30073,95246.00000000,0.00011000,10.47706000,1768342229085729,False,True
30074,95231.69000000,0.00092000,87.61315480,1768342229115286,False,True
30075,95231.69000000,0.00097000,92.37473930,1768342229115557,False,True
30076,95383.64000000,0.00011000,10.49220040,1768342229516230,False,True
30077,95383.64000000,0.00189000,180.27507960,1768342229516230,False,True
30078,95383.63000000,0.00012000,11.44603560,1768342229516230,True,True
30079,95468.32000000,0.00052000,49.64352640,1768342230004399,True,True
30080,95248.73000000,0.00052000,49.52933960,1768342230005935,True,True
30081,95468.32000000,0.00052000,49.64352640,1768342230079475,True,True
30082,95468.32000000,0.00052000,49.64352640,1768342230141433,True,True
30083,95402.73000000,0.00189000,180.31115970,1768342230207399,False,True
30084,95448.44000000,0.00189000,180.39755160,1768342231067247,False,True
30085,95498.81000000,0.00052000,49.65938120,1768342231450382,True,True
30086,95385.52000000,0.00092000,87.75467840,1768342231483894,False,True
30087,95385.52000000,0.00097000,92.52395440,1768342231490301,False,True
30088,95503.10000000,0.00268000,255.94830800,1768342231722341,False,True
30089,95521.48000000,0.00010000,9.55214800,1768342232431443,False,True
30090,95642.48000000,0.00007000,6.69497360,1768342233415534,False,True
30091,95659.52000000,0.00010000,9.56595200,1768342233415534,False,True
30092,95739.60000000,0.00052000,49.78459200,1768342233817263,True,True
30093,95712.91000000,0.00020000,19.14258200,1768342233817263,False,True
30094,95701.37000000,0.00091000,87.08824670,1768342233896334,False,True
30095,95710.67000000,0.00052000,49.76954840,1768342234305015,True,True
30096,95678.44000000,0.00091000,87.06738040,1768342234387483,False,True
30097,95730.98000000,0.00052000,49.78010960,1768342234556014,True,True
30098,95688.79000000,0.00052000,49.75817080,1768342234598262,True,True
30099,95745.56000000,0.00052000,49.78769120,1768342235074786,True,True
30100,95725.31000000,0.00052000,49.77716120,1768342235321996,True,True
30101,95745.57000000,0.00091000,87.12846870,1768342236082194,False,True
30102,95745.57000000,0.00105000,100.53284850,1768342236301881,False,True
30103,95745.57000000,0.00091000,87.12846870,1768342237082150,False,True
30104,95780.63000000,0.00384000,367.79761920,1768342237179441,False,True
30105,95780.63000000,0.00384000,367.79761920,1768342237198577,False,True
30106,95780.63000000,0.00359000,343.85246170,1768342237318888,False,True
30107,95782.47000000,0.00058000,55.55383260,1768342237318888,False,True
30108,95782.47000000,0.00078000,74.71032660,1768342237864435,False,True
30109,95797.76000000,0.00010000,9.57977600,1768342238475732,False,True
30110,95809.98000000,0.00081000,77.60608380,1768342238475732,False,True
30111,95809.98000000,0.00417000,399.52761660,1768342238479701,False,True
30112,95809.98000000,0.00224000,214.61435520,1768342238482764,False,True
30113,95936.19000000,0.00017000,16.30915230,1768342238710522,True,True
30114,95936.19000000,0.00011000,10.55298090,1768342238714163,True,True
30115,95936.19000000,0.00024000,23.02468560,1768342238721964,True,True
30116,95936.19000000,0.00052000,49.88681880,1768342239206772,True,True
30117,95936.19000000,0.00052000,49.88681880,1768342239766999,True,True
30118,95936.19000000,0.00052000,49.88681880,1768342240047199,True,True
30119,95936.20000000,0.00011000,10.55298200,1768342240762880,False,True
30120,95990.39000000,0.00052000,49.91500280,1768342241320539,True,True
30121,95987.87000000,0.00497000,477.05971390,1768342242030016,False,True
30122,96000.00000000,0.00091000,87.36000000,1768342242038541,False,True
30123,95990.40000000,0.00501000,480.91190400,1768342242067547,False,True
30124,95990.40000000,0.00020000,19.19808000,1768342242364555,False,True
30125,95987.86000000,0.00052000,49.91368720,1768342242761227,True,True
30126,95990.39000000,0.00052000,49.91500280,1768342242771543,True,True
30127,95990.40000000,0.00091000,87.35126400,1768342242987922,False,True
30128,95990.40000000,0.00386000,370.52294400,1768342242992815,False,True
30129,96000.00000000,0.00416000,399.36000000,1768342243018952,False,True
30130,95990.40000000,0.00091000,87.35126400,1768342243066761,False,True
30131,95990.39000000,0.00052000,49.91500280,1768342243105302,True,True
30132,95990.39000000,0.00052000,49.91500280,1768342243185569,True,True
30133,95975.01000000,0.00091000,87.33725910,1768342243254707,False,True
30134,96000.00000000,0.00611000,586.56000000,1768342243296269,False,True
30135,96074.83000000,0.00011000,10.56823130,1768342243520991,False,True
30136,96084.33000000,0.00080000,76.86746400,1768342243520991,False,True
30137,96084.33000000,0.00188000,180.63854040,1768342243523583,False,True
30138,96074.82000000,0.00052000,49.95890640,1768342243564181,True,True
30139,96068.54000000,0.00091000,87.42237140,1768342243566435,False,True
30140,96213.66000000,0.00011000,10.58350260,1768342243580692,True,True
30141,96213.66000000,0.00041000,39.44760060,1768342243581796,True,True
30142,96075.39000000,0.00080000,76.86031200,1768342243643892,False,True
30143,96087.53000000,0.00416000,399.72412480,1768342243735686,False,True
30144,96090.38000000,0.00052000,49.96699760,1768342243930385,True,True
30145,96090.39000000,0.00091000,87.44225490,1768342243943581,False,True
30146,96090.39000000,0.00407000,391.08788730,1768342243946339,False,True
30147,96090.38000000,0.00052000,49.96699760,1768342244169400,True,True
30148,96143.96000000,0.00052000,49.99485920,1768342244364723,True,True
30149,96170.37000000,0.00052000,50.00859240,1768342244522560,True,True
30150,96213.67000000,0.00011000,10.58350370,1768342244562702,False,True
30151,96270.73000000,0.00615000,592.06498950,1768342244562702,False,True
30152,96352.70000000,0.00052000,50.10340400,1768342244613039,True,True
30153,96238.36000000,0.00052000,50.04394720,1768342244715250,True,True
30154,96199.90000000,0.00415000,399.22958500,1768342244720592,False,True
30155,96323.36000000,0.00052000,50.08814720,1768342245040926,True,True
30156,96323.36000000,0.00052000,50.08814720,1768342245060660,True,True
30157,96340.35000000,0.00052000,50.09698200,1768342245160606,True,True
30158,96340.35000000,0.00052000,50.09698200,1768342245283409,True,True
30159,96345.36000000,0.00415000,399.83324400,1768342245428748,False,True
30160,96345.36000000,0.00081000,78.03974160,1768342245431638,False,True
30161,96352.71000000,0.00011000,10.59879810,1768342245431638,False,True
30162,96345.35000000,0.00052000,50.09958200,1768342245471751,True,True
30163,96334.44000000,0.00349000,336.20719560,1768342245491547,False,True
30164,96340.55000000,0.00052000,50.09708600,1768342245583949,True,True
30165,96331.75000000,0.00052000,50.09251000,1768342245683952,True,True
30166,96367.72000000,0.00052000,50.11121440,1768342245784067,True,True
30167,96285.22000000,0.00495000,476.61183900,1768342245855787,False,True
30168,96420.92000000,0.00052000,50.13887840,1768342245888584,True,True
30169,96294.82000000,0.00450000,433.32669000,1768342245892498,False,True
30170,96350.35000000,0.00052000,50.10218200,1768342246014663,True,True
30171,96261.14000000,0.00499000,480.34308860,1768342246041786,True,True
30172,96392.13000000,0.00496000,478.10496480,1768342246210649,True,True
30173,96383.35000000,0.00052000,50.11934200,1768342246222364,True,True
30174,96339.86000000,0.00091000,87.66927260,1768342246263475,False,True
30175,96438.14000000,0.00021000,20.25200940,1768342246335127,True,True
30176,96438.14000000,0.00031000,29.89582340,1768342246384149,True,True
30177,96321.23000000,0.07049000,6789.68350270,1768342246420412,True,True
30178,96315.98000000,0.05992000,5771.25352160,1768342246429451,True,True
30179,96440.33000000,0.00052000,50.14897160,1768342246731442,True,True
30180,96415.64000000,0.00052000,50.13613280,1768342246944027,True,True
30181,96418.93000000,0.01464000,1411.57313520,1768342247172250,True,True
30182,96465.13000000,0.00052000,50.16186760,1768342247211040,True,True
30183,96491.94000000,0.00052000,50.17580880,1768342247396269,True,True
30184,96491.94000000,0.00052000,50.17580880,1768342247771005,True,True
30185,96491.94000000,0.00052000,50.17580880,1768342247809568,True,True
30186,96491.94000000,0.00052000,50.17580880,1768342247898059,True,True
30187,96478.29000000,0.00010000,9.64782900,1768342248102791,True,True
30188,96478.29000000,0.00041000,39.55609890,1768342248105062,True,True
30189,96478.29000000,0.00001000,0.96478290,1768342248107911,True,True
30190,96442.85000000,0.00052000,50.15028200,1768342248202316,True,True
30191,96350.83000000,0.00052000,50.10243160,1768342248361321,True,True
30192,96360.39000000,0.00052000,50.10740280,1768342248480391,True,True
30193,96275.75000000,0.00052000,50.06339000,1768342248619457,True,True
30194,96231.72000000,0.00052000,50.04049440,1768342248711513,True,True
30195,96197.69000000,0.00052000,50.02279880,1768342248813596,True,True
30196,96164.75000000,0.00052000,50.00567000,1768342248908791,True,True
30197,96086.13000000,0.00021000,20.17808730,1768342249163464,True,True
30198,96086.13000000,0.00030000,28.82583900,1768342249166125,True,True
30199,96086.13000000,0.00001000,0.96086130,1768342249169925,True,True
30200,96037.90000000,0.00010000,9.60379000,1768342249268953,True,True
30201,96037.90000000,0.00042000,40.33591800,1768342249320486,True,True
30202,95936.20000000,0.00007000,6.71553400,1768342249329143,True,True
30203,96019.96000000,0.00052000,49.93037920,1768342249372820,True,True
30204,96007.93000000,0.00052000,49.92412360,1768342249476207,True,True
30205,96024.28000000,0.00052000,49.93262560,1768342249578385,True,True
30206,96074.83000000,0.00007000,6.72523810,1768342249616719,True,True
